3674 5858
601 407 652 475 Jan
671 406 784 459 Sleelrta
805 405 885 459 knezi
905 406 1056 476 Ondfejovi
1078 405 1153 461 1518.
1569 407 1603 462 71

179 629 279 684 amator
299 627 331 678 et
354 614 615 690 studiosissimus,
646 618 727 678 inter
749 635 832 697 quos
854 617 985 680 confido
1008 637 1060 678 me
1082 619 1180 681 libros
1202 639 1222 680 a
1244 629 1275 679 te
1298 628 1470 682 annotatos
1497 621 1602 682 salvos

178 736 201 788 et
218 726 345 804 integros
366 731 576 800 reperturum.
615 720 666 783 Ne
688 721 782 803 igitur
804 740 847 783 ex
869 721 934 784 fide
956 732 988 785 et
1012 721 1133 785 credito
1156 734 1213 785 tuo
1236 722 1367 802 aliquod
1390 724 1529 804 accipias
1553 724 1598 785 in-

177 824 370 898 commodum,
393 825 556 888 curabitur
570 825 747 908 diligenter,
770 837 805 889 ut
821 828 948 906 reperiri
966 828 1098 905 possint,
1120 829 1243 889 etiamsi
1267 845 1382 889 omnes
1397 825 1525 906 pluteos
1547 845 1603 887 ex·

177 945 260 996 cutere
281 930 484 1005 deberemus,
514 949 581 1011 quo
603 933 687 993 votis
709 930 772 994 tuis
794 930 926 994 tandem
950 931 1199 995 subscribamus.
1238 930 1331 1012 Quos
1353 931 1486 1012 quidem
1508 933 1534 992 si
1557 932 1603 992 in·

177 1053 277 1109 venero,
299 1034 433 1113 ipsemet
456 1032 589 1096 afferam
612 1035 669 1095 tibi
692 1035 800 1108 brevi;
831 1053 1041 1097 concessurus
1068 1037 1153 1097 enim
1176 1054 1247 1098 sum
1272 1035 1331 1098 diis
1364 1037 1447 1097 bene
1470 1033 1602 1097 faventi·
1628 1047 1642 1088 a

178 1143 222 1203 bus
239 1137 372 1220 Pragam
395 1140 427 1200 in
450 1140 635 1217 proximum
659 1148 853 1201 conventum
876 1137 918 1200 ad
941 1138 1027 1201 diem
1043 1158 1066 1201 s.
1083 1138 1169 1202 Pauli
1193 1140 1436 1216 celebrandum,
1460 1160 1479 1201 a
1500 1138 1601 1221 Regia

178 1243 319 1306 Maiestate
340 1242 465 1326 legatus
487 1262 562 1306 cum
586 1242 616 1305 d.
637 1242 762 1325 joanne
786 1243 827 1305 de
850 1243 1035 1323 Pemsteyn,
1060 1263 1213 1323 supremo
1240 1245 1340 1306 nostri
1363 1243 1601 1308 marchionatus

177 1347 313 1410 lloraviae
340 1349 524 1421 camerario,
547 1347 671 1430 collega
705 1366 789 1424 meo,
817 1347 1011 1431 designatus.
1049 1347 1100 1410 Tu
1124 1350 1254 1424 interea,
1278 1349 1322 1409 mi
1344 1346 1497 1425 Sslechta,
1519 1365 1602 1419 cura,

177 1464 201 1513 ut
217 1461 290 1512 recte
312 1450 426 1526 valeas,
450 1462 482 1513 et
499 1450 661 1514 flaminem
685 1452 740 1514 tibi
763 1453 856 1515 unice
878 1472 1006 1531 semper
1030 1465 1062 1514 et
1086 1453 1286 1531 peculiariter
1308 1451 1458 1515 affectum
1482 1450 1603 1534 diligas.

177 1554 244 1616 Vale.
262 1553 423 1619 Cremsirii
447 1555 495 1620 12.
516 1555 654 1638 Januarii
678 1576 763 1619 anno
789 1556 872 1621 1540
895 1555 1003 1637 (sic).¹)
1617 1563 1642 1606 ¹⁰

824 1867 930 1930 XXV.

523 2007 603 2102 Jan
632 1984 803 2081 §lechta
830 2006 951 2079 knezi
981 2004 1222 2102 Ondiejovi.

238 2212 407 2269 vttouitmt
428 2214 503 2268 1518
523 2244 556 2253 -
576 2214 607 2268 8.
626 2210 795 2269 ὄοτνοηοο.
815 2212 918 2267 Pisatel
937 2211 1087 2281 vypravuje
1100 2230 1117 2265 v
1130 2213 1220 2266 rivodd
1235 2231 1252 2266 o
1265 2212 1435 2266 stlinostech
1449 2213 1601 2283 nihteryclr

174 2302 275 2353 miltanit
294 2300 500 2370 Xoufimslrych
519 2319 554 2354 na
572 2302 669 2369 spatae
684 2300 779 2363 kneze,
798 2299 925 2368 zejmdna
943 2299 1051 2363 mladsl,
1071 2299 1141 2352 ktel‘l
1159 2299 1231 2368 zlym
1251 2299 1371 2353 iivotem
1391 2302 1471 2369 svym
1484 2302 1601 2355 avilen&

173 2386 222 2439 sobe
237 2388 368 2456 osadnlky
386 2388 457 2450 kazi,
477 2388 484 2440 i
504 2388 645 2451 shledftvf,
663 2388 695 2441 ie
714 2387 928 2455 prostopasnost
945 2394 974 2440 ta
994 2387 1136 2440 rozmohla
1159 2404 1189 2439 se
1214 2394 1300 2454 proto¹
1326 2386 1358 2438 le
1383 2388 1446 2439 nenl
1465 2387 1601 2442 vrchnlbo

174 2476 258 2543 partile
277 2474 483 2543 (arcibislrupa)‚
502 2476 580 2544 lrterp
598 2474 636 2545 by
655 2475 790 2529 knetstvo
809 2475 962 2542 spravoval.
982 2473 1053 2527 Mezi
1072 2473 1253 2543 nemnobimi
1271 2473 1393 2526 kneiimi
1411 2473 1537 2543 dobrymi
1556 2474 1603 2545 byl

173 2577 207 2613 nu
221 2563 250 2613 od
268 2561 472 2629 Xoulimslrich
492 2562 651 2630 doporullen
670 2562 805 2624 adressat,
823 2561 910 2629 lrtery,
935 2562 968 2613 ad
985 2559 1057 2627 leste
1077 2560 1159 2622 mlad,
1184 2560 1253 2612 vede
1271 2562 1321 2630 pri
1340 2560 1415 2614 iivot
1433 2560 1528 2628 prisny'
1547 2578 1601 2615 ano

172 2648 356 2716 ponstevnicky.
384 2649 396 2701 1
415 2648 564 2715 napomlna
580 2648 616 2717 jej
637 2647 744 2716 pisatel,
763 2648 817 2717 aby
836 2647 1000 2716 nespolehal
1024 2664 1042 2698 v
1061 2644 1116 2714 boji
1139 2645 1211 2714 proti
1239 2645 1411 2714 nepfdtelttm
1431 2647 1600 2700 duchovnlm

172 2733 203 2785 lei
216 2751 247 2788 na
263 2734 357 2788 milost
374 2733 438 2787 holt
456 2751 472 2787 a
490 2734 625 2788 soudinne
644 2734 780 2802 pfidinbnl
802 2734 912 2799 vlastnl,
930 2733 1055 2802 zejmena
1079 2732 1132 2801 palr
1155 2733 1209 2803 aby
1227 2733 1338 2786 varoval
1357 2752 1388 2787 se
1407 2734 1499 2803 pychy
1518 2752 1535 2787 a
1553 2735 1601 2789 ob·

174 2818 252 2874 liboval
268 2821 292 2874 si
310 2820 425 2890 polroru.
443 2820 523 2889 (List.
543 2822 600 2890 rkp.
619 2822 669 2876 ets.
689 2823 801 2890 XXIV.)

234 3032 370 3114 loannes
399 3032 546 3096 Sslechta
576 3053 618 3095 ex
640 3033 797 3096 Wssehrd
828 3045 858 3096 et
887 3033 1058 3096 Kostelecz
1090 3031 1132 3094 ad
1155 3031 1266 3094 Albim
1290 3031 1422 3095 fluvium
1444 3032 1596 3097 Andreae

173 3137 310 3213 sacerdoti,
341 3140 455 3201 vicario
479 3137 632 3199 ecclesiae
662 3135 860 3200 Gurimensis
883 3158 907 3201 s.
938 3137 969 3199 d.
1007 3135 1163 3198 Inciderat
1194 3136 1307 3197 diebus
1338 3137 1404 3198 istis
1435 3139 1601 3216 proximis,

173 3257 250 3317 quum
270 3242 333 3304 huc
355 3240 565 3317 advenissem,
588 3262 607 3304 a
630 3241 789 3304 nonnullis
813 3241 934 3303 civibus
956 3239 1201 3319 senioribusque
1224 3239 1312 3302 urbis
1335 3239 1437 3315 huius,
1470 3245 1523 3322 qui
1547 3264 1600 3306 me

172 3344 301 3409 amicitiae
331 3356 363 3409 et
394 3345 614 3409 familiaritatis
645 3365 742 3408 causa
766 3347 943 3421 inviserant,
973 3345 1096 3406 mentio
1119 3342 1281 3422 quaedam
1308 3342 1349 3405 de
1380 3347 1474 3408 certis
1497 3366 1600 3408 sacer-

174 3443 277 3512 dotibus
298 3451 453 3529 temporis
475 3450 569 3512 huius
592 3453 699 3525 nostri,
730 3453 828 3513 vitam
852 3450 945 3511 nimis
976 3447 1165 3510 dissolutam
1196 3465 1235 3508 ac
1264 3446 1360 3527 plane
1382 3447 1514 3512 foedam
1536 3451 1597 3515 du·
1614 3469 1639 3512 ra

172 3554 305 3630 centibus;
340 3556 395 3633 qui
429 3557 667 3634 quamprimum
702 3553 830 3616 ordines
865 3572 975 3616 sacros
1012 3562 1233 3633 assequuntur,
1269 3571 1351 3614 mox
1384 3573 1460 3616 cum
1494 3576 1597 3618 sacer-

173 3651 276 3720 dotibus
297 3658 477 3720 senioribus
500 3661 570 3733 vita,
594 3659 739 3720 moribus
761 3670 792 3721 et
815 3658 995 3721 eruditione
1018 3657 1200 3735 conspicuis
1223 3665 1254 3718 et
1278 3676 1297 3718 a
1320 3656 1428 3720 multis
1451 3661 1543 3722 annis
1564 3663 1598 3723 in

172 3754 288 3823 doctrina
317 3764 405 3824 verbi
435 3760 496 3823 Dei
526 3781 585 3824 ceu
608 3762 639 3822 in
663 3781 742 3843 agro
766 3762 937 3824 Dominico
959 3779 1034 3823 cum
1065 3759 1212 3842 profectu
1234 3759 1466 3838 laborantibus,
1495 3767 1599 3827 vivere

172 3863 241 3927 ethis
253 3866 427 3929 adhaerere
442 3866 665 3949 dedignantur,
688 3866 833 3929 volentes
849 3868 894 3927 eis
912 3885 969 3945 per
983 3865 1199 3948 arrogantiam
1216 3865 1367 3946 aequales
1387 3886 1457 3929 esse
1472 3880 1505 3931 et
1521 3869 1598 3931 doc·

172 3974 235 4030 tores
262 3991 300 4034 ac
330 3970 431 4033 duces
453 3970 587 4034 aliorum
611 3969 687 4047 fieri,
712 3972 766 4051 qui
792 3969 938 4032 nondum
960 3968 1107 4049 discipuli
1129 3977 1184 4030 aut
1214 3970 1331 4031 tirones
1361 3970 1497 4048 fuerunt,
1520 3991 1636 4035 con-ro

172 4068 297 4156 tinuoque
331 4074 500 4156 supercilio
534 4074 679 4137 obducto
712 4074 754 4136 ad
789 4073 985 4154 oppidorum
1018 4091 1089 4134 sese
1123 4085 1178 4134 aut
1212 4092 1371 4156 pagorum
1411 4076 1596 4154 plebanicas

172 4175 293 4241 eeclesias
323 4177 480 4262 regendas
509 4178 679 4240 conferunt
710 4197 776 4241 non
806 4198 847 4239 eo
877 4176 985 4239 studio
1016 4188 1072 4239 aut
1102 4179 1220 4253 animo,
1251 4188 1286 4240 ut
1316 4178 1383 4240 aliis
1413 4179 1512 4242 verbo
1535 4180 1597 4243 Dei

172 4283 275 4358 prosint,
304 4282 363 4344 sed
392 4292 427 4343 ut
460 4282 608 4344 libertate
638 4293 724 4344 certa
759 4285 789 4344 in
821 4282 966 4362 pecuniis
1001 4300 1135 4362 quoquo
1170 4281 1271 4344 modo
1305 4283 1518 4364 aggregandis
1552 4294 1598 4359 uti

172 4387 274 4461 possint,
297 4387 528 4466 associatisque
551 4388 610 4448 sibi
634 4388 812 4468 prostitutis
835 4384 1026 4448 mulierculis
1048 4404 1105 4467 per
1127 4384 1232 4447 scelus
1255 4388 1391 4467 cognitis
1408 4385 1598 4467 praeficiunt

171 4500 210 4547 eas
227 4509 285 4553 non
308 4491 414 4552 solum
436 4493 594 4571 coquinae
610 4491 668 4553 sed
683 4493 781 4554 totius
801 4490 918 4553 domus
941 4510 1019 4553 suae
1050 4491 1228 4566 curatrices,
1255 4508 1313 4551 nec
1336 4493 1493 4553 minorem
1516 4511 1592 4554 auc·
1605 4508 1632 4551 aa

172 4591 305 4657 toritatem
328 4595 374 4656 eis
396 4594 582 4658 habendam
605 4595 832 4673 concedentes,
862 4614 959 4676 quarn
983 4597 1008 4656 si
1032 4593 1286 4656 matresfamilias
1308 4606 1425 4668 essent,
1458 4596 1599 4658 viventes

170 4698 298 4760 cumillis
321 4698 512 4762 familiariter
534 4701 565 4761 in
589 4701 762 4763 obscoenis
784 4699 1004 4778 voluptatibus
1027 4695 1247 4777 Sardanapalo
1263 4699 1366 4780 magis
1382 4709 1415 4759 et
1430 4697 1599 4780 Aristippo

170 4811 243 4872 quam
262 4804 372 4882 probis
394 4803 617 4865 sacerdotibus
639 4804 911 4876 convenientibus
935 4820 993 4863 nec
1016 4801 1102 4864 aliud
1125 4812 1276 4864 curantes
1299 4821 1397 4881 quam
1413 4804 1597 4881 improbam

169 4907 258 4967 ventris
279 4907 454 4990 ingluviem
477 4919 510 4970 et
531 4927 576 4982 ea,
601 4928 685 4988 quae
715 4909 776 4970 sub
801 4918 909 4967 ventre
932 4917 1006 4968 sunt
1039 4918 1070 4968 et
1093 4905 1230 4968 honeste
1255 4908 1411 4967 nominari
1434 4925 1500 4969 non
1524 4927 1598 4988 pos·
1688 4929 1695 4944 ·

167 5020 229 5084 sunt,
241 5030 279 5073 eo
292 5013 442 5074 nimirum
458 5010 635 5092 pecudibus
651 5015 809 5092 turpiores
827 5011 939 5085 effecti,
956 5030 1022 5091 quo
1038 5013 1124 5091 ipsas
1139 5011 1281 5089 pecudes
1294 5011 1424 5073 rationis
1438 5024 1597 5092 expertes,
1609 5027 1637 5068 so

167 5161 350 5175 ’ἢῆ

234 5233 251 5298 ¹)
270 5232 386 5301 ehybne
405 5240 464 5286 toto
483 5233 597 5285 vrocenl
616 5233 723 5285 snadno
743 5232 929 5301 opravujeme,
949 5233 1082 5295 vedouce,
1108 5232 1140 5285 le
1158 5233 1197 5286 dr.
1218 5231 1355 5302 Augustin
1373 5234 1477 5286 zemlel
1496 5232 1521 5286 3.
1541 5233 1595 5288 list.

162 5312 217 5369 1513
231 5335 247 5372 a
263 5318 295 5371 ie
314 5322 394 5373 anem
413 5319 510 5372 svolan
529 5318 575 5388 byl
595 5320 627 5371 lte
647 5319 693 5372 dni
712 5319 754 5372 25.
773 5319 855 5374 ledna
872 5319 1016 5391 (obracenl
1035 5336 1075 5373 sv.
1095 5319 1191 5389 Pavla)
1211 5319 1278 5372 1514
1295 5319 1426 5390 (Palaclry
1439 5320 1473 5385 V,
1485 5320 1510 5384 2,
1523 5320 1596 5390 254.)
