3674 5858
203 418 239 471 86
567 419 700 474 Erasmus
719 418 940 488 Roterodamsky
962 421 1032 489 Janu
1050 404 1193 473 Slechtovi
1212 418 1289 474 1519.

204 628 348 693 nonnihil
372 630 574 694 concesserit
597 628 699 693 alteri.
738 629 895 692 Fortasse
923 630 1132 693 finitimarum
1156 631 1326 712 regionum
1350 629 1503 712 querelae
1524 628 1656 699 faciunt

203 744 240 797 ut
263 734 410 816 plerique
433 737 570 799 istorum
594 735 794 798 abhorreant
817 755 836 797 a
859 735 1030 797 dominatu
1055 734 1219 815 pontificis
1243 735 1392 812 Romani,
1416 732 1508 816 quod
1531 754 1568 797 se
1591 731 1657 796 cla·

205 839 318 901 mitent
351 839 565 901 inclementer
594 838 731 919 expilari
767 840 938 920 premique
972 840 1105 901 saevitia
1139 858 1263 916 eorum,
1293 860 1352 920 per
1384 859 1469 920 quos
1498 847 1658 921 geruntur

203 941 369 1022 pontificia
392 944 530 1024 negotia.
553 939 621 1005 Sed
644 952 701 1004 aut
723 961 785 1024 ego
802 942 897 1022 plane
913 943 1014 1019 lallor,
1037 951 1093 1005 aut
1109 942 1202 1005 sacile
1218 943 1446 1024 impetrabitur
1462 943 1505 1005 ab
1524 942 1657 1023 ingenio

177 1044 327 1109 ⁵Leonis
350 1046 501 1109 clementi
524 1047 617 1109 iuxta
639 1066 677 1108 ac
697 1047 761 1127 pi0,
784 1057 819 1108 ut
835 1057 868 1108 et
883 1046 1060 1126 perplexas
1076 1048 1283 1126 superiorum
1300 1057 1488 1127 temporum
1512 1047 1657 1109 rationes

206 1150 345 1222 omittat,
368 1159 402 1212 et
424 1153 455 1212 in
479 1160 650 1231 posterum
672 1149 771 1212 etiam
795 1169 894 1230 quarn
918 1151 1087 1213 minimum
1115 1152 1157 1213 ab
1182 1151 1243 1213 illis
1267 1152 1387 1234 exigat,
1410 1152 1602 1231 praesertim
1629 1149 1656 1212 si

206 1273 279 1318 sese
302 1256 430 1318 sincero
454 1265 590 1335 pectore
619 1255 662 1317 illi
690 1274 751 1317 ceu
781 1255 865 1336 patri
896 1253 1103 1317 crediderint.
1148 1251 1234 1318 Satis
1257 1255 1405 1336 amplum
1429 1255 1556 1318 lucrum
1580 1273 1657 1316 esse

206 1358 315 1435 ducet,
338 1359 364 1420 si
387 1358 582 1439 propulsato
606 1358 740 1421 dissidio
764 1377 880 1438 pacem
903 1367 935 1421 et
958 1360 1171 1421 concordiam
1194 1361 1366 1440 paraverit.
1390 1358 1558 1441 Adiunget
1581 1378 1657 1421 sese

207 1463 249 1525 ad
274 1463 357 1527 hanc
381 1483 450 1526 rem
474 1465 615 1526 caesaris
646 1463 812 1536 autoritas,
841 1481 941 1542 quem
972 1463 1185 1526 monarcham
1216 1465 1334 1544 opinor
1364 1465 1511 1546 agnoscit
1533 1472 1567 1525 et
1590 1463 1656 1526 Bo·

170 1577 194 1618 ¹⁰
208 1566 322 1630 hernia.
361 1565 515 1630 Ceterum
547 1568 638 1648 quod
667 1567 781 1629 attinet
811 1566 854 1628 ad
885 1566 1108 1630 ordinationes
1138 1577 1171 1631 et
1194 1576 1407 1646 sacramenta,
1437 1567 1656 1632 nullomodo

207 1679 344 1750 oportet¹
361 1692 381 1733 a
405 1671 535 1752 reliquis
558 1670 757 1735 orthodoxis
780 1670 960 1734 dissentire.
995 1672 1037 1734 Et
1061 1671 1207 1735 fortassis
1230 1673 1273 1736 de
1296 1675 1515 1737 recentiorum
1539 1672 1655 1735 delini·

206 1776 350 1839 tionibus
374 1777 580 1839 remittentur
603 1776 719 1856 aliqua.
757 1774 809 1837 De
834 1775 950 1837 ritibus
981 1774 1073 1838 facile
1102 1776 1344 1840 condonabitur
1366 1778 1499 1858 aliquid,
1529 1777 1661 1838 etiamsi

207 1881 310 1962 magis
334 1880 509 1960 probarim,
539 1890 575 1943 ut
605 1898 721 1942 omnes
750 1879 874 1960 ubique
905 1880 1068 1942 christiani
1099 1889 1132 1942 et
1156 1881 1272 1945 ritibus
1301 1892 1335 1945 et
1365 1883 1519 1962 precibus
1542 1880 1658 1943 iisdem

207 1993 387 2047 uterentur.
410 1984 508 2048 Nunc
531 1983 709 2047 immodica
732 1984 871 2046 varietas
894 1993 953 2056 est,
985 1985 1065 2047 dum
1096 2004 1157 2064 pro
1186 2005 1248 2047 suo
1271 1986 1410 2066 quisque
1433 1986 1553 2047 affectu
1577 1984 1661 2047 haec

170 2099 194 2140 ¹⁵
207 2089 472 2163 comminiscitur,
503 2098 536 2151 et
565 2087 647 2151 alius
677 2087 800 2169 aliquid
825 2088 916 2151 addit
940 2089 1078 2169 repertis
1127 2087 1216 2168 Quin
1239 2101 1272 2151 et
1293 2088 1373 2151 illud
1405 2109 1478 2151 mea
1501 2088 1662 2151 sententia

206 2191 396 2271 complures
427 2192 571 2273 populos
599 2191 787 2255 conciliaret
816 2191 974 2253 ecclesiae
1007 2191 1185 2268 Romanae,
1217 2193 1372 2274 inquam
1403 2213 1489 2255 nunc
1517 2193 1662 2255 velutin

206 2306 305 2376 caput
329 2297 500 2378 quoddam
523 2296 720 2378 colliguntur
743 2315 868 2368 omnes,
899 2296 925 2357 si
952 2315 1018 2359 non
1042 2296 1164 2375 passim
1195 2296 1361 2376 quaelibet
1384 2299 1431 2360 sic
1454 2298 1662 2373 definiantur,

208 2410 244 2462 ut
268 2399 404 2463 velimus
426 2401 469 2463 ad
493 2400 569 2463 tidei
592 2400 761 2482 negotium
784 2399 956 2480 pertinere,
978 2400 1038 2461 sed
1061 2420 1100 2463 ea
1123 2400 1295 2478 duntaxat,
1318 2421 1404 2481 quae
1419 2402 1587 2464 evidenter
1603 2421 1662 2463 ex-

207 2523 320 2583 pressa
343 2514 419 2567 sunt
441 2505 473 2567 in
495 2506 597 2567 sacris
621 2504 728 2581 literis,
750 2512 808 2566 aut
830 2504 898 2566 sine
918 2503 1038 2583 quibus
1053 2523 1120 2567 non
1136 2514 1267 2567 constat
1293 2506 1375 2568 ratio
1391 2505 1504 2568 salutis
1521 2515 1664 2567 nostrae.

168 2617 196 2659 ’ὓ
210 2606 264 2670 Ad
288 2609 370 2671 haec
392 2627 498 2688 pauca
521 2607 696 2680 sufficiunt,
720 2617 753 2670 et
776 2627 882 2688 pauca
906 2608 1000 2669 citius
1024 2608 1266 2688 persuadentur
1289 2610 1449 2690 pluribus.
1496 2610 1593 2672 Nunc
1618 2629 1662 2671 ex

208 2712 305 2775 unico
328 2713 466 2777 articulo
487 2722 663 2775 sexcentos
679 2711 823 2788 facimus,
847 2730 990 2791 quorum
1009 2711 1108 2792 aliqui
1123 2712 1205 2774 tales
1221 2721 1306 2792 sunt,
1329 2722 1366 2776 ut
1382 2714 1462 2776 citra
1478 2712 1662 2794 periculum

209 2816 337 2894 pietatis
367 2816 417 2879 vel
440 2817 557 2879 nesciri
586 2817 713 2895 possint
743 2815 792 2877 vel
823 2815 952 2897 ambigi.
998 2813 1110 2896 Atque
1132 2817 1179 2878 sic
1202 2826 1253 2878 est
1276 2816 1464 2878 mortalium
1488 2817 1663 2898 ingenium,

209 2919 300 3000 quod
323 2920 424 2982 semel
448 2921 618 2983 definitum
641 2927 700 2992 est,
722 2911 874 2982 tenemus
896 2917 1072 2981 mordicus.
1097 2919 1200 2981 Porro
1222 2919 1450 3000 philosophiae
1465 2921 1663 2983 christianae

208 3043 337 3086 summa
359 3025 390 3086 in
414 3025 478 3087 hoc
501 3025 563 3086 sita
585 3034 643 3101 est,
667 3032 702 3086 ut
724 3022 941 3104 intelligamus
964 3042 1098 3085 omnem
1113 3042 1207 3102 spem
1224 3032 1371 3086 nostram
1387 3024 1419 3086 in
1436 3024 1500 3086 deo
1517 3025 1662 3103 positam

168 3136 290 3202 besse,
319 3129 374 3209 qui
398 3133 497 3210 gratis
521 3128 616 3191 nobis
643 3126 777 3209 largitur
800 3127 910 3189 omnia
940 3147 999 3207 per
1030 3126 1130 3189 lilium
1153 3146 1251 3190 suum
1279 3126 1400 3208 Jesum,
1433 3128 1529 3190 huius
1553 3137 1662 3190 morte

209 3249 270 3293 nos
293 3252 364 3294 esse
388 3231 589 3313 redemptos,
618 3232 649 3293 in
681 3230 776 3293 huius
808 3250 931 3310 corpus
962 3249 1023 3291 nos
1047 3232 1160 3293 insitos
1191 3250 1264 3293 esse
1295 3250 1353 3311 per
1385 3232 1596 3312 baptismum,
1627 3239 1662 3292 ut

210 3335 331 3397 mortui
354 3334 589 3414 cupiditatibus
612 3333 708 3397 huius
735 3334 847 3397 mundi
878 3333 920 3395 ad
944 3333 1028 3395 illius
1053 3335 1235 3397 doctrinam
1266 3344 1299 3397 et
1329 3335 1520 3415 exemplum
1545 3336 1591 3397 sic
1617 3335 1661 3395 vi·

210 3458 332 3513 vamus,
355 3448 391 3501 ut
414 3458 481 3501 non
503 3438 612 3502 solum
635 3436 712 3501 nihil
734 3438 947 3500 admittamus
975 3438 1060 3508 mali,
1088 3439 1300 3501 verumetiam
1331 3439 1374 3500 de
1397 3438 1553 3501 omnibus
1577 3439 1662 3500 bene

210 3561 403 3618 mereamur,
425 3553 457 3605 et
481 3544 507 3606 si
532 3542 611 3623 quid
635 3542 783 3604 inciderit
805 3542 943 3619 adversi,
966 3542 1092 3604 sortiter
1114 3542 1295 3605 toleremus
1318 3562 1377 3622 spe
1400 3543 1498 3605 suturi
1515 3543 1662 3623 praemii,

169 3656 197 3699 ³⁰
211 3646 302 3726 quod
326 3667 441 3709 omnes
464 3648 536 3728 pios
560 3646 648 3708 haud
672 3647 773 3708 dubie
796 3657 905 3709 manet
927 3647 958 3708 in
982 3647 1124 3708 adventu
1148 3642 1274 3717 Christi,
1302 3655 1338 3708 ut
1360 3647 1404 3709 ita
1427 3666 1557 3726 semper
1581 3667 1659 3726 pro-

210 3752 397 3833 grediamur
419 3773 439 3812 a
453 3753 571 3813 virtute
587 3752 617 3812 in
634 3751 793 3827 virtutem,
817 3761 853 3812 ut
869 3750 944 3813 nihil
960 3760 1070 3813 tamen
1086 3751 1181 3812 nobis
1197 3770 1397 3833 arrogemus
1420 3750 1479 3812 sed
1503 3750 1663 3832 quicquid

211 3864 260 3918 est
284 3856 369 3933 boni,
392 3856 456 3918 deo
479 3854 746 3917 transcribamns.
770 3854 862 3916 Haec
885 3855 1091 3934 potissimum
1124 3864 1200 3916 sunt
1223 3854 1338 3915 animis
1362 3854 1532 3916 hominum
1555 3853 1660 3915 incul-

211 3960 317 4022 canda
339 3961 394 4035 sic,
416 3969 453 4022 ut
476 3959 563 4021 velut
586 3960 616 4020 in
641 3968 790 4020 naturam
814 3968 989 4021 transeant.
1036 3956 1165 4037 Quodsi
1190 3958 1245 4039 qui
1268 3958 1377 4020 volent
1401 3958 1487 4019 circa
1509 3967 1663 4019 naturam

211 4064 352 4125 divinam
376 4073 432 4125 aut
456 4063 541 4125 circa
570 4063 774 4141 hypostasim
804 4061 923 4125 Christi
955 4073 1011 4123 aut
1038 4070 1241 4124 sacramenta
1273 4062 1436 4142 quaedam
1460 4062 1665 4124 abstrusiora

170 4177 197 4219 ³⁵
212 4169 329 4244 rimari,
352 4188 419 4248 quo
444 4169 546 4250 magis
570 4165 721 4228 attollant
745 4177 889 4228 mentem
916 4167 948 4227 in
971 4165 1110 4228 sublime
1134 4174 1166 4227 et
1189 4185 1208 4226 a
1232 4166 1332 4227 rebus
1355 4164 1582 4227 humilioribus
1605 4165 1665 4226 ab·

212 4273 342 4343 ducant,
366 4271 524 4333 hactenus
548 4271 650 4344 liceat,
681 4283 716 4332 ut
746 4289 811 4332 non
842 4271 951 4333 statim
975 4270 1065 4351 quod
1097 4270 1172 4331 huic
1199 4279 1256 4331 aut
1278 4268 1322 4330 illi
1345 4269 1450 4331 visum
1475 4267 1577 4343 luerit,
1609 4290 1666 4331 co·

211 4385 329 4457 gantur
361 4394 476 4438 omnes
507 4375 663 4453 profiteri.
709 4372 1003 4453 Quemadmodum
1038 4394 1082 4435 ex
1113 4373 1309 4453 loquacibus
1339 4372 1535 4454 syngraphis
1569 4373 1667 4436 citius

211 4480 355 4543 nascitur
371 4480 601 4542 controversia.
626 4478 671 4539 sic
688 4497 731 4538 ex
749 4477 897 4556 plurimis
914 4477 1158 4540 definitionibus
1174 4477 1317 4539 nascitur
1338 4474 1522 4538 diffidentia.
1547 4474 1668 4557 Neque

212 4584 336 4662 pudeat
358 4602 420 4644 nos
442 4583 484 4643 ad
509 4581 672 4663 quaedam
696 4581 915 4661 respondere:
947 4579 1039 4644 Deus
1069 4582 1167 4658 novit,
1198 4601 1265 4662 quo
1296 4580 1399 4643 modo
1429 4581 1462 4642 id
1486 4579 1556 4657 tiat;
1586 4581 1667 4642 mihi

172 4688 290 4749 ⁴⁰satis
313 4697 370 4764 est,
394 4686 486 4767 quod
510 4685 612 4747 credo
635 4685 713 4747 fieri.
737 4683 815 4748 Scio
847 4683 966 4748 Christi
1000 4705 1123 4765 corpus
1153 4695 1186 4746 et
1213 4685 1404 4765 sanguinem
1435 4703 1555 4763 purum
1581 4704 1667 4764 pure

212 4813 231 4853 a
254 4791 344 4871 puris
366 4811 439 4853 esse
463 4789 670 4866 sumendum,
694 4789 749 4870 qui
774 4789 838 4851 hoc
862 4799 1109 4852 sacrosanctum
1133 4789 1262 4869 signum
1286 4808 1325 4850 ac
1341 4788 1459 4870 pignus
1475 4808 1549 4850 esse
1564 4787 1669 4851 voluit

212 4907 243 4957 et
267 4914 346 4957 suae
369 4915 446 4976 erga
470 4914 530 4956 nos
547 4894 714 4956 charitatis
729 4903 762 4956 et
778 4893 1032 4956 christianorum
1049 4895 1130 4955 inter
1147 4895 1237 4972 ipsos
1254 4891 1462 4953 concordiae.
1485 4890 1666 4954 Excutiam

212 5001 308 5081 igitur
331 5001 439 5078 ipsum
463 5019 523 5072 me,
554 5017 632 5060 num
664 4998 743 5079 quid
771 4999 819 5061 sit.
851 4999 883 5059 in
909 5018 977 5078 quo
1008 4997 1085 5059 mihi
1109 4996 1193 5057 male
1216 4996 1387 5057 conveniat
1419 5015 1494 5058 cum
1517 4992 1661 5071 Christo,

214 5123 292 5164 num
323 5101 401 5183 quid
433 5103 473 5164 sit
504 5122 579 5163 cum
609 5102 764 5181 proximo
795 5101 928 5163 dissidii.
974 5099 1128 5163 Ceterum
1158 5099 1329 5180 quomodo
1360 5099 1422 5161 illic
1454 5099 1516 5161 sint
1546 5099 1665 5162 decem

174 5217 201 5260 ⁴⁵
214 5208 470 5286 paedicamenta,
493 5215 525 5267 et
549 5205 720 5286 quomodo
744 5206 1055 5266 transubstantietur
1087 5203 1182 5284 panis
1214 5205 1321 5265 verbis
1345 5204 1500 5280 mysticis,
1523 5212 1555 5264 et
1578 5223 1664 5284 quo-

216 5310 318 5372 modo
349 5330 472 5389 corpus
503 5309 590 5371 idem
621 5308 725 5388 possit
756 5327 827 5371 esse
858 5309 921 5370 sub
952 5307 1076 5370 tantilla
1107 5309 1217 5388 specie
1240 5327 1278 5369 ac
1303 5307 1439 5369 diversis
1462 5307 1551 5383 locis,
1586 5326 1664 5369 meo
