3674 5858
444 428 577 483 Erasmus
597 430 817 500 Roterodamshy'
840 431 910 501 Janu
929 413 1072 486 blechtovi
1091 428 1174 486 1519:
1498 430 1533 486 85

77 638 366 721 quemadmodum
384 638 462 704 olim
478 649 511 704 et
527 659 620 723 reges
643 662 662 704 a
678 641 804 722 populo
821 642 1083 725 designabantur.
1107 642 1236 708 Deinde
1251 643 1358 707 crebri
1374 643 1535 709 tumultus

78 745 261 824 populares
282 744 471 823 effecerunt,
494 754 531 808 ut
555 764 607 809 res
631 766 811 825 paucorum
836 747 971 810 arbitrio
993 750 1236 832 transigeretur.
1264 745 1419 812 Ceterum
1444 749 1536 831 quod

78 849 235 911 indoctos
257 849 381 930 eligunt
403 858 436 911 et
460 848 627 913 literarum
650 860 813 929 expertes,
837 850 1039 913 tolerabilius
1063 861 1158 929 esset,
1181 853 1207 913 si
1231 853 1315 915 vitae
1337 853 1441 933 pietas
1456 872 1536 933 pen-

78 962 166 1015 saret
189 952 384 1015 eruditionis
407 953 559 1032 inopiam.
596 953 692 1017 Nunc
715 955 843 1037 gemina
866 953 1033 1018 calamitas
1063 966 1112 1019 est
1136 956 1258 1037 populi,
1291 957 1406 1020 sinon
1430 959 1536 1021 minus

79 1057 269 1137 impii-sunt
293 1075 393 1138 quam
417 1056 551 1120 indocti.
575 1057 647 1139 Jam
671 1058 762 1139 quod
786 1078 822 1121 se
845 1059 985 1120 vicissim
1009 1059 1125 1123 iratres
1148 1081 1186 1124 ac
1209 1081 1341 1123 sorores
1360 1060 1536 1142 appellant,
1563 1078 1576 1119 r

80 1181 145 1223 non
166 1160 266 1223 video
289 1180 349 1224 cur
373 1161 493 1224 debeat
517 1162 721 1241 reprehendi.
767 1162 878 1243 Atque
906 1165 1029 1226 utinam
1060 1165 1177 1227 eadem
1200 1164 1376 1244 appellatio
1401 1174 1536 1227 mutuae

80 1265 249 1328 charitatis
272 1275 459 1346 perseveret
489 1266 579 1344 apud
603 1285 719 1329 omnes
743 1264 955 1344 Christianos,
984 1269 1078 1331 sicuti
1102 1289 1212 1332 mores
1235 1289 1302 1332 non
1325 1269 1532 1332 dissentirent

80 1370 247 1433 averbisl
279 1368 383 1449 Quod
407 1370 514 1432 minus
536 1371 685 1433 tribuunt
708 1371 902 1434 doctoribus
933 1391 1033 1453 quam
1063 1373 1176 1436 divinis
1208 1374 1436 1450 voluminibus,
1471 1374 1535 1438 hoc

80 1483 131 1535 est
162 1472 237 1554 plus
260 1472 412 1537 deferunt
445 1474 511 1537 deo
545 1494 645 1556 quam
680 1475 876 1551 hominibus,
909 1486 997 1539 recte
1028 1479 1178 1553 sentiunt,
1201 1479 1259 1541 sed
1291 1478 1382 1560 quod
1417 1479 1536 1541 horum

80 1578 290 1640 autoritatem
321 1579 446 1660 ubique
470 1578 626 1651 reiiciunt,
655 1588 724 1641 tam
755 1580 900 1660 iniquum
925 1591 984 1657 est,
1014 1601 1113 1662 quam
1147 1584 1173 1644 si
1197 1583 1319 1664 ubique
1344 1583 1576 1662 reciperentur

82 1679 166 1744 Nam
189 1683 320 1745 tametsi
343 1702 411 1746 non
433 1682 591 1745 adhorret
613 1702 632 1743 a
648 1703 726 1746 vero
744 1681 910 1746 Christum
927 1696 959 1746 et
975 1685 1147 1764 apostolos
1163 1687 1194 1748 in
1211 1685 1402 1767 quotidiano
1418 1688 1534 1750 vestitu

81 1805 305 1860 consecrasse,
328 1795 439 1848 tamen
462 1787 598 1865 impium
623 1797 673 1850 est
696 1797 915 1864 contemnere,
948 1790 1038 1869 quod
1063 1809 1129 1852 non
1151 1790 1277 1871 absque
1301 1790 1433 1853 salutari
1456 1810 1536 1853 con·

82 1889 151 1952 silio
183 1900 260 1971 post
287 1910 307 1952 a
337 1890 485 1969 patribus
513 1900 563 1953 est
591 1892 782 1955 institutum.
828 1890 1042 1955 Ceremoniae
1072 1905 1156 1971 sunt,
1186 1895 1245 1956 sed
1270 1894 1319 1955 his
1342 1895 1536 1957 ceremoniis

81 1995 355 2057 commendantur
379 1995 505 2075 populo
530 1994 637 2058 divina
660 1997 823 2074 mysteria.
849 1996 891 2059 Et
914 1997 940 2059 si
963 1997 1039 2059 nihil
1063 1997 1159 2075 aliud,
1183 2017 1343 2080 quorsum
1366 1998 1481 2060 attinet
1504 1998 1534 2060 in

81 2118 120 2160 ea
136 2118 171 2162 re
187 2099 368 2176 dissentire,
391 2118 477 2180 quae
493 2100 574 2162 citra
591 2100 757 2181 negotium
775 2108 885 2181 potest
902 2101 1089 2163 observari?
1114 2101 1184 2165 Nisi
1199 2102 1348 2182 pontifex
1365 2101 1535 2164 Romanus
1550 2115 1576 2157 rs

84 2203 148 2265 hoc
177 2202 239 2265 illis
270 2204 485 2283 permitteret,
518 2213 555 2266 ut
584 2203 627 2266 ad
657 2205 858 2286 antiquitatis
889 2206 1081 2267 memoriam
1117 2206 1183 2267 suis
1211 2205 1326 2268 ritibus
1358 2214 1535 2280 uterentur,

83 2306 368 2388 quemadmodum
399 2306 533 2370 Graecis
567 2317 599 2370 et
631 2308 934 2372 Mediolanensibus
965 2329 1044 2371 suos
1075 2310 1226 2372 concedit
1257 2310 1337 2371 ritus
1367 2329 1386 2371 a
1415 2310 1535 2371 nostris

83 2411 221 2474 multum
245 2412 404 2473 diversos.
449 2409 549 2490 Quod
581 2413 607 2473 si
638 2413 706 2474 istis
736 2422 909 2492 tantopere
937 2412 1043 2492 placet
1067 2412 1230 2475 dominica
1252 2414 1410 2492 precatio,
1441 2432 1479 2474 ea
1502 2423 1535 2476 et

82 2517 186 2577 nostri
208 2515 358 2577 sacrificii
383 2536 459 2596 pars
475 2525 533 2576 est.
559 2515 603 2578 Ut
627 2516 762 2578 stultum
786 2526 835 2577 est
859 2516 934 2577 nihil
958 2515 1139 2578 admiscere
1162 2517 1265 2578 sacris
1288 2526 1418 2598 praeter
1434 2535 1534 2579 unam

79 2621 312 2697 precationem,
345 2620 388 2680 ita
420 2638 486 2680 non
518 2630 606 2680 recte
637 2620 766 2695 iaciunt,
797 2622 851 2700 qui
883 2619 1047 2700 quaslibet
1075 2622 1296 2701 quorumlibet
1319 2623 1452 2683 naenias
1475 2620 1575 2683 ari-20

80 2723 225 2785 miscent.
249 2721 322 2803 Jam
345 2743 431 2804 quae
454 2723 496 2785 de
519 2725 731 2785 sacramentis
756 2724 908 2798 sentiunt,
932 2724 1127 2787 absurdiora
1150 2736 1233 2802 sunt,
1256 2744 1355 2806 quam
1379 2735 1414 2786 ut
1438 2743 1535 2786 aures

79 2827 152 2905 piae
175 2826 258 2889 ierre
282 2828 420 2908 possint,
450 2828 508 2889 nisi
532 2827 623 2908 quod
655 2829 793 2890 etantis
817 2828 909 2889 malis
941 2828 1004 2889 hoc
1037 2830 1113 2890 bo'ni
1142 2849 1321 2909 possumus
1344 2848 1534 2907 excerpere,

80 2950 120 2992 ne
151 2951 213 2994 nos
244 2932 345 2993 rebus
377 2932 461 2993 bene
491 2932 644 2994 institutis
674 2932 716 2993 ad
742 2942 916 3012 quaestum
947 2942 1002 2993 aut
1035 2932 1163 2994 inanem
1194 2933 1330 3014 gloriam
1357 2933 1533 2993 autetiam

82 3034 288 3112 tyrannidem
312 3036 495 3098 abutamur.
521 3035 657 3117 Vigilias
680 3056 718 3097 ac
742 3037 914 3098 moderata
937 3035 1056 3097 ieiunia
1079 3035 1225 3098 demiror
1248 3057 1313 3118 qua
1330 3036 1435 3099 fronte
1453 3054 1531 3097 con·

78 3148 231 3216 temnant,
254 3159 357 3221 quum
381 3159 419 3199 ea
444 3139 538 3201 nobis
562 3140 660 3201 toties
682 3139 872 3219 apostolicis
901 3139 1008 3199 verbis
1032 3139 1314 3214 commendentur,
1344 3149 1574 3220 quanquamffi

78 3244 119 3305 ad
143 3244 225 3306 haec
248 3245 364 3305 malim·
383 3243 516 3305 hortatu
540 3243 615 3305 duci
646 3244 794 3306 homines
818 3263 917 3325 quarn
941 3244 1079 3322 imperio
1103 3246 1195 3306 trahi.
1242 3244 1345 3306 Porro
1377 3242 1532 3304 delestis

79 3347 193 3410 diebus
215 3367 283 3411 non
307 3347 446 3408 multum
469 3346 564 3408 abest
588 3348 726 3409 istorum
750 3349 861 3426 opinio
884 3369 903 3408 a
927 3347 1039 3407 seculo
1064 3346 1267 3425 Hieronymi.
1296 3346 1393 3409 Nunc
1417 3347 1448 3407 in
1471 3347 1531 3408 im-

79 3467 227 3514 mensum
261 3453 403 3514 accrevit
435 3452 593 3513 festorum
625 3453 731 3527 turba,
762 3471 865 3532 quum
897 3451 994 3513 nullis
1017 3451 1134 3514 diebus
1157 3453 1231 3533 plus
1255 3452 1418 3514 scelerum
1442 3472 1532 3514 com·

79 3557 182 3617 mittat
204 3555 322 3638 vulgus
345 3566 386 3633 et,
409 3556 500 3637 quod
525 3564 574 3617 est
598 3554 911 3631 inhumanissimum,
935 3565 1095 3636 cogantur
1118 3576 1190 3618 esse
1214 3557 1310 3618 otiosi
1333 3565 1423 3619 totos
1452 3555 1531 3630 dies,

79 3659 132 3740 qui
160 3678 227 3722 non
259 3658 328 3721 aliis
361 3659 520 3721 reditibus
552 3658 642 3721 alunt
674 3679 798 3721 uxores
827 3679 865 3721 ac
896 3659 1025 3732 liberos,
1060 3659 1206 3722 fortassis
1240 3662 1337 3722 etiam
1369 3669 1571 3739 parentes,³⁰

84 3784 181 3845 quam
205 3783 308 3844 opera
333 3764 458 3826 diurna.
497 3763 557 3825 His
581 3763 724 3824 indicere
747 3761 841 3824 lerias
865 3783 925 3825 nec
949 3763 1029 3824 darc
1052 3764 1238 3844 quicquam,
1269 3764 1348 3844 quid
1372 3774 1422 3826 est
1443 3764 1531 3826 aliud

82 3888 178 3948 quam
202 3888 262 3931 eos
292 3868 334 3929 ad
358 3867 477 3930 famem
502 3868 651 3949 adigere?
690 3864 761 3928 Sint
792 3867 909 3929 crebra
941 3866 1032 3939 festa,
1061 3866 1119 3928 sed
1151 3867 1182 3927 in
1209 3867 1349 3945 templis,
1379 3867 1421 3929 ad
1446 3888 1530 3949 quae

80 3972 231 4035 divitibus
257 3973 351 4034 liceat
374 3973 542 4047 accedere,
574 3972 699 4034 sedita
731 3981 766 4032 ut
797 3971 998 4050 pauperibus
1022 3971 1117 4032 liceat
1140 3972 1255 4032 vivere.
1301 3968 1425 4032 Saltem
1450 3971 1529 4033 illud

79 4078 325 4151 concederetur,
355 4085 392 4138 ut
420 4077 561 4155 peractis
596 4076 696 4137 sacris
733 4075 868 4136 redeant
899 4076 942 4136 ad
973 4083 1107 4136 sanctos
1142 4075 1280 4137 labores.
1327 4074 1415 4154 Quid
1444 4077 1528 4137 enim

77 4182 220 4243 sanctius
243 4199 344 4262 quam
368 4199 524 4241 manuum
546 4179 659 4242 labore
676 4181 865 4259 prospicere
883 4179 991 4240 liberis
1007 4199 1045 4240 ac
1062 4177 1220 4240 familiae?
1245 4178 1340 4240 Nunc
1364 4179 1406 4242 ad
1423 4181 1529 4241 cuius·
1542 4191 1569 4232 ³5

79 4284 156 4346 libet
179 4284 446 4364 superstitiosum
469 4284 625 4345 affectum
653 4283 829 4345 instituitur
861 4283 961 4344 festus
995 4282 1073 4357 dies,
1105 4283 1171 4344 imo
1203 4282 1269 4344 sere
1293 4284 1442 4345 videmus
1466 4284 1529 4346 hoc

75 4389 186 4451 studio
221 4407 295 4450 esse
329 4388 528 4469 quibusdam
563 4388 737 4466 episcopis,
770 4397 806 4449 ut
841 4386 957 4468 singuli
991 4384 1137 4466 singulos
1171 4386 1273 4448 festos
1306 4388 1376 4449 dies
1406 4388 1531 4449 addant

74 4492 271 4567 calendario,
295 4512 362 4573 quo
385 4492 434 4553 vel
464 4491 528 4553 hoc
551 4501 767 4553 monumento
796 4510 892 4552 suum
925 4489 1095 4552 nobilitent
1126 4492 1365 4570 episcopatum.
1404 4491 1530 4553 Verum

74 4605 111 4658 ut
134 4606 186 4658 est
209 4597 441 4658 oboedientiae
465 4595 633 4674 popularis
658 4597 843 4670 observare,
868 4595 1001 4675 quoda
1026 4596 1221 4673 proceribus
1247 4595 1405 4657 ecclesiae
1436 4614 1530 4675 prae·

73 4701 237 4776 scribitur,
260 4701 303 4761 ita
326 4700 446 4762 horum
470 4709 540 4761 erat
564 4699 757 4780 prudentiae
787 4718 854 4760 non
881 4707 1005 4760 temere
1028 4699 1318 4761 constitutionibus
1343 4698 1530 4761 huiusmodi
1544 4711 1571 4752 40

71 4804 123 4866 vel
148 4824 284 4885 gravare
307 4804 469 4883 populum
494 4804 543 4864 vel
569 4803 653 4864 male
677 4802 849 4865 consulere
874 4803 1023 4864 moribus
1047 4802 1195 4881 publicis.
1232 4802 1403 4864 Hactenus
1426 4824 1444 4864 e
1467 4804 1531 4864 tuis

71 4909 174 4971 literis
199 4908 354 4970 morbum
379 4910 603 4989 cognovimus,
636 4927 723 4969 nunc
748 4909 870 4968 utinam
896 4907 1056 4968 medicina
1087 4906 1191 4967 fidelis
1223 4916 1255 4967 et
1285 4905 1404 4966 efficax
1428 4908 1532 4984 possit

71 5012 271 5094 excogitari!
312 5011 353 5072 Et
385 5013 527 5073 arbitror
559 5032 666 5090 posse,
697 5014 722 5072 si
755 5011 856 5072 modo
890 5011 967 5071 boni
999 5029 1181 5091 gravesque
1212 5009 1269 5068 riri
1293 5008 1357 5069 huc
1382 5010 1460 5069 totis
1484 5011 1530 5070 in·

71 5116 232 5176 cumbunt
256 5115 381 5189 studiis
404 5117 596 5193 praesertim
621 5135 697 5177 curn
723 5114 879 5177 Carolum
904 5113 1085 5174 habeamus
1110 5133 1230 5174 caesar¹
1245 5133 1276 5172 m
1301 5114 1344 5173 ad
1368 5135 1416 5188 ea,
1446 5133 1530 5193 quae

71 5229 151 5282 sunt
175 5218 367 5281 christianae
391 5220 561 5300 religionis
586 5229 657 5280 toto
681 5231 816 5300 pectore
840 5229 1044 5297 propensum
1077 5236 1153 5277 cum
1178 5217 1324 5278 Leonem
1349 5217 1570 5278 habeamusss

70 5322 222 5401 inprimis
246 5323 358 5384 mitem
390 5333 422 5383 et
449 5321 663 5385 exorabilem.
710 5322 849 5384 Pulchre
880 5322 982 5383 coibit
1012 5321 1199 5396 concordia,
1229 5322 1254 5382 si
1285 5340 1362 5400 pars
1392 5331 1530 5401 utraque
