3674 5858
565 398 683 466 Piseetry
703 398 803 450 Rehofi
823 398 967 451 Hrubemu
989 397 1063 450 1506.
1503 398 1536 452 31
1569 408 1583 440 ⁰

89 610 244 689 equidem
267 610 383 672 moliar
406 609 456 671 vel
471 622 595 672 temere
612 611 650 673 D.
668 611 706 674 T.
724 609 916 694 gratificari?
938 610 1028 672 Talis
1044 613 1130 673 enim
1147 622 1322 691 tantusque
1339 623 1387 672 est
1404 611 1538 687 libellus,

90 724 125 774 ut
148 712 305 793 explicari
329 733 394 776 non
418 716 531 794 possit,
553 716 678 778 amicus
701 735 788 788 vero,
812 734 852 776 ne
876 715 1010 795 cogitari
1034 716 1167 795 quidem
1203 712 1371 777 Contueor
1387 714 1450 775 iam
1467 735 1537 796 eg0,

89 818 213 879 nedum
236 837 336 881 cerno
358 819 503 881 animum
527 817 564 880 T.
588 819 627 881 D.
652 820 729 881 mihi
753 821 831 881 satis
854 838 1020 899 superque
1043 839 1116 881 esse
1140 820 1328 881 devinctum
1351 829 1384 881 et
1407 820 1537 881 concili·

90 931 190 983 atum.
213 921 356 984 Tantum
379 923 475 1004 igitur
497 924 599 997 abest,
623 933 659 986 ut
682 922 790 985 Tuam
806 943 868 1004 ego
885 923 1076 1004 dignitatem
1092 942 1158 985 non
1174 943 1290 998 amem,
1313 943 1379 986 non
1394 943 1539 1002 venerer,

89 1045 156 1087 non
178 1026 228 1088 vel
253 1028 387 1088 maximi
411 1026 534 1103 faciam,
557 1037 593 1089 ut
615 1027 658 1089 ab
682 1027 747 1089 hoc
770 1027 903 1104 scelere,
929 1036 961 1088 et
985 1027 1118 1107 quidem
1142 1027 1341 1107 inexpiabili,
1367 1029 1482 1090 merito
1505 1038 1539 1091 et
1565 1041 1577 1077 ⁵

89 1130 226 1193 damner
248 1142 280 1193 et
303 1131 481 1193 abiudicer.
505 1131 590 1193 Vide
613 1132 732 1212 itaque,
754 1151 796 1193 an
819 1132 851 1193 in
873 1150 914 1192 eo
937 1132 1080 1215 negotio,
1111 1131 1201 1213 quod
1224 1141 1260 1193 tu
1285 1132 1370 1204 mihi,
1393 1132 1537 1195 virorum

89 1233 284 1315 dignissime,
314 1235 529 1311 demandasti,
559 1235 717 1299 obeundo
749 1236 930 1298 obsecutus
962 1235 1077 1297 fuerim
1109 1235 1202 1297 Tuae
1225 1235 1383 1297 voluntati
1413 1237 1536 1298 necne?

88 1337 229 1401 Ferebat
252 1339 346 1403 Tuus
368 1342 496 1403 animus
519 1341 750 1421 decapillatum
773 1341 811 1402 iri
833 1339 951 1417 filium,
975 1339 1104 1401 sitnon
1127 1341 1175 1404 sit.
1198 1349 1244 1415 tu,
1266 1350 1299 1400 te
1314 1341 1384 1420 ipse
1401 1360 1534 1421 quaeso,

87 1461 222 1506 severus
245 1454 389 1506 statuare
412 1445 618 1507 existimator
641 1455 674 1506 et
697 1445 799 1506 iudex
831 1443 899 1506 Sed
924 1444 1022 1506 missa
1045 1443 1123 1505 fiant
1139 1444 1228 1510 haec,
1254 1463 1294 1504 ne
1311 1444 1457 1505 calamus
1475 1465 1534 1505 ex-

88 1548 247 1624 patietur:
269 1567 405 1630 agamus
428 1549 504 1610 aliis.
528 1548 702 1629 Equidem,
728 1567 889 1630 generose
912 1548 1045 1610 domine
1070 1545 1217 1629 Gregori,
1247 1567 1309 1627 pro
1332 1547 1406 1609 Tua
1427 1548 1459 1610 in
1482 1568 1535 1610 me
1551 1560 1575 1602 10

88 1649 289 1713 humanitate
319 1652 469 1715 consului
499 1653 702 1715 enavandam
726 1653 803 1714 mihi
826 1671 971 1732 operam,
1002 1650 1105 1713 multo
1136 1671 1236 1732 quam
1264 1660 1360 1713 antea
1381 1662 1415 1714 et
1437 1653 1534 1714 vehe-

88 1756 281 1817 mentiorem
315 1767 347 1819 et
380 1757 584 1833 vivaciorem,
618 1778 683 1839 qua
717 1756 818 1819 filium
853 1755 890 1818 T.
923 1754 963 1818 D.
995 1756 1131 1818 doctum
1163 1755 1258 1818 simul
1292 1776 1331 1817 ac
1361 1757 1535 1821 virtutibus

84 1870 238 1922 omatum
263 1860 402 1923 reddere
426 1862 559 1940 possim.
584 1860 684 1940 Quod
708 1861 895 1923 faciundum
919 1872 986 1922 tam
1009 1859 1102 1921 facile
1126 1880 1208 1935 reor,
1239 1879 1338 1940 quam
1362 1861 1438 1922 mihi
1462 1881 1534 1924 sese

83 1963 136 2025 ille
160 1964 280 2025 offerre
302 1983 369 2027 non
391 1963 522 2047 negligit
552 1966 583 2026 in
607 1965 657 2027 his
687 1964 817 2027 literarii
846 1964 912 2027 ludi
935 1965 1147 2026 sacramentis
1173 1964 1386 2044 aptissimum.
1424 1964 1533 2044 Quem

83 2087 147 2150 ego
186 2069 287 2131 modo
311 2067 395 2130 absit
418 2067 644 2130 blandiuscula
667 2067 769 2146 frons)
793 2068 819 2130 si
842 2087 933 2129 meas
955 2068 1060 2130 ausim
1084 2067 1218 2130 delicias
1237 2077 1269 2129 et
1285 2066 1376 2129 fateri
1391 2078 1424 2129 et
1439 2089 1533 2148 prae·
1549 2081 1574 2121 ¹5

83 2172 204 2242 dicare,
228 2191 292 2234 non
315 2173 450 2234 nimium
473 2173 701 2234 aberraverim.
725 2171 825 2251 Quod
849 2171 928 2234 mihi
951 2193 994 2234 ex
1017 2170 1170 2251 epistolio
1194 2171 1235 2232 ad
1259 2171 1366 2233 Tuam
1387 2173 1534 2236 humani·

82 2287 184 2337 tatem
207 2275 402 2355 iampridem
424 2278 618 2339 transmisso
641 2286 768 2339 tantum
799 2286 832 2338 et
861 2277 961 2338 tribui
991 2275 1100 2338 fateris
1131 2285 1164 2337 et
1194 2277 1265 2355 ipse
1295 2276 1439 2338 tribuere
1468 2298 1534 2340 non

82 2379 234 2456 dubitas;
256 2379 334 2441 facis
356 2389 392 2441 tu
416 2380 547 2460 quidem
571 2400 619 2451 ea,
649 2398 749 2461 qnam
777 2379 953 2459 plurimum
976 2379 1084 2452 calles,
1109 2379 1291 2456 prudentia.
1329 2380 1402 2442 Dici
1424 2390 1534 2444 autem

80 2501 149 2544 non
172 2492 291 2563 potest,
313 2492 471 2564 quantum
495 2503 556 2546 nec
580 2486 611 2545 in
634 2484 689 2546 illo
714 2484 791 2546 mihi
814 2483 972 2564 placeam,
995 2504 1056 2545 nec
1073 2483 1151 2545 illud
1168 2484 1315 2562 probem.
1340 2484 1425 2547 Nam
1442 2484 1535 2548 Tuae

81 2587 238 2668 dignitati,
268 2588 338 2650 viro
368 2588 446 2649 mihi
469 2589 615 2667 inprimis
646 2589 853 2664 amicissimo,
884 2608 951 2650 non
981 2588 1101 2650 criticis
1131 2587 1212 2649 illud
1243 2588 1410 2650 cuderam.
1456 2589 1576 2658 Fecim

81 2691 248 2771 equidem,
277 2691 319 2753 ad
343 2692 434 2772 quod
457 2692 535 2753 mihi
565 2702 597 2754 et
627 2701 759 2772 tempus
790 2701 822 2753 et
852 2692 936 2754 vires
964 2691 1186 2764 sufficiebant;
1218 2690 1277 2753 sed
1308 2711 1375 2754 non
1403 2692 1534 2755 metali

81 2795 203 2876 dignor
225 2795 360 2865 honore,
384 2806 419 2856 ut
443 2796 617 2877 magistros
641 2795 830 2878 Pragenses,
855 2797 910 2876 qui
933 2804 990 2856 aut
1005 2794 1112 2858 nullus
1128 2804 1184 2857 aut
1199 2796 1397 2859 novissimus
1412 2796 1534 2865 videor,

80 2900 153 2978 ipse
175 2899 333 2961 doctrinis
355 2900 555 2962 antecellam.
591 2898 720 2961 Deinde
742 2918 845 2980 quum
868 2899 911 2960 ab
935 2899 1012 2977 ipsis
1036 2917 1120 2978 pene
1152 2897 1201 2980 (ut
1224 2899 1267 2961 ita
1290 2898 1421 2979 loquar)
1445 2899 1533 2961 linia·

80 3005 201 3066 mentis
233 3002 424 3066 Alexander
457 3014 489 3066 et
520 3023 652 3084 semper
682 3014 714 3066 et
741 3012 848 3067 totum
883 3001 1012 3084 (quales
1042 3013 1158 3065 nactus
1188 3022 1261 3064 suin
1284 3001 1532 3084 praeceptores)

79 3107 275 3186 possederit,
308 3117 379 3170 tum
409 3108 499 3170 hisce
529 3108 734 3188 temporibus
763 3106 957 3169 Aristoteles
986 3106 1170 3169 adulterina
1201 3105 1351 3186 palliatus
1381 3106 1571 3186 paenulam

77 3211 211 3287 inculta,
233 3211 377 3284 horrida,
400 3198 510 3292 inepta
532 3213 593 3275 sibi
615 3211 790 3286 addixerit,
813 3212 869 3292 qui
892 3210 961 3272 fieri
984 3219 1104 3290 potest,
1127 3220 1163 3272 ut
1186 3210 1236 3272 vel
1260 3211 1395 3273 minimo
1419 3212 1531 3287 verbo,

77 3316 173 3395 quod
197 3317 298 3378 risum
320 3316 428 3379 doctis
450 3336 515 3378 non
532 3316 686 3392 excutiat,
709 3317 740 3377 in
757 3316 821 3378 hoc
837 3314 1000 3377 scribendi
1017 3333 1152 3376 munere
1167 3314 1298 3396 gloriari
1314 3315 1532 3379 iactabundus

76 3421 214 3500 possim,
238 3421 293 3501 qui
316 3441 447 3502 semper
469 3421 501 3482 in
524 3420 607 3498 lycei
630 3420 686 3481 vix
709 3419 873 3483 liminibus
896 3418 1145 3500 squallenteque
1173 3419 1384 3499 peripatetica
1413 3419 1532 3481 familia

77 3525 234 3587 detentus
257 3545 323 3588 non
345 3523 517 3606 quomodo
541 3525 599 3587 sed
625 3524 712 3605 quid,
736 3544 802 3586 non
826 3543 926 3605 quam
957 3523 1064 3602 lepide
1095 3522 1153 3585 sed
1177 3542 1276 3603 quam
1300 3532 1405 3601 acute,
1431 3543 1529 3604 quam

76 3628 249 3704 subtiliter,
275 3647 374 3708 quam
406 3627 569 3709 profunde
600 3627 724 3709 loquar,
759 3627 908 3708 probem,
942 3627 1119 3703 confutem,
1153 3627 1393 3706 impensissimo
1424 3647 1568 3708 paenam

76 3732 192 3795 studio
216 3731 358 3813 ignobile
380 3731 611 3813 expendebam
635 3731 760 3794 otium?
795 3731 946 3793 Accessit
976 3730 1051 3792 huic
1075 3731 1189 3792 iniuria
1210 3732 1445 3811 praeceptoris,
1475 3733 1530 3813 qui

78 3857 133 3898 me
157 3835 277 3898 talibus
309 3836 465 3899 imbuisse
496 3837 579 3899 vitiis
613 3856 680 3899 non
710 3835 879 3911 dubitavit,
909 3835 1144 3917 librorumque,
1173 3835 1295 3916 quibus
1325 3835 1528 3923 offundebat¹

76 3941 210 4002 malitia.
234 3939 300 4003 lllis
323 3941 484 4021 siquidem
508 3960 570 4024 ego
593 3941 637 4002 ita
659 3939 809 4003 adfectus
839 3938 964 4001 fueram
995 3934 1093 4020 (adeo
1123 3960 1142 4000 a
1165 3940 1286 4001 teneris
1309 3959 1528 4002 consuescere

77 4045 221 4107 multum
243 4045 315 4121 estl,
336 4053 373 4106 ut
395 4046 633 4108 mansuetiores
658 4044 772 4107 Musas
794 4063 861 4106 non
885 4042 1164 4105 reformidaverinr
1188 4043 1281 4119 adeo,
1304 4044 1363 4105 sed
1381 4043 1527 4126 fugerim,

76 4149 139 4211 sed
164 4148 361 4229 despuerim,
390 4148 450 4212 sed
474 4150 609 4211 oderim.
655 4149 728 4210 Hae
756 4157 832 4211 sunt
861 4146 987 4224 sordes,
1017 4148 1098 4209 haec
1129 4147 1212 4224 vitia,
1245 4146 1327 4210 haec
1357 4148 1428 4228 ipsa
1452 4159 1567 4216 suntas

77 4253 217 4329 vincula,
239 4254 359 4333 quibus
380 4253 572 4334 stringebar,
595 4253 735 4315 notabar
757 4263 858 4334 atque
881 4252 1068 4315 foedissime
1090 4251 1316 4314 decolorabar.
1354 4251 1385 4312 A
1409 4252 1527 4331 quibus

76 4377 185 4440 quum
209 4375 263 4419 me
284 4357 456 4420 absolvere
478 4367 512 4419 et
534 4377 657 4420 exuere
681 4358 735 4418 vix
759 4357 924 4436 coeperim
949 4366 981 4418 et
1004 4357 1097 4437 quasi
1121 4356 1333 4418 nutabundus
1358 4355 1527 4433 haeserim,

75 4462 269 4543 supervenit
290 4460 329 4524 T.
352 4461 391 4524 D.
414 4461 602 4524 adhortatio
625 4463 703 4540 viva,
727 4461 887 4537 flammea,
909 4460 1065 4536 aculeata,
1089 4480 1154 4541 qua
1177 4459 1311 4540 quidem
1335 4478 1401 4520 non
1424 4459 1526 4521 modo

75 4570 164 4629 bene
186 4565 336 4628 adfectus
357 4586 441 4643 sum,
470 4565 528 4628 sed
552 4575 585 4628 et
607 4585 767 4628 accensus
797 4575 829 4626 et
859 4566 1031 4626 animatus
1077 4564 1192 4644 ltaque
1221 4572 1253 4624 et
1280 4560 1318 4624 T.
1349 4562 1390 4624 D.
1421 4573 1454 4624 et
1484 4564 1525 4624 illi

73 4669 288 4752 philosopho,
320 4672 508 4751 quicunque
542 4679 599 4744 est,
633 4668 724 4731 facile
758 4668 860 4731 credo
896 4667 1127 4749 doctissim0,¹)
1161 4678 1269 4729 tantas
1301 4686 1364 4748 ago
1399 4668 1567 4748 gratiasio

72 4784 219 4856 quantas
242 4793 319 4836 sane
335 4791 487 4853 possum;
511 4774 601 4856 quod
622 4794 694 4836 sese
710 4774 786 4835 mihi
801 4775 945 4853 optimos
961 4774 1149 4835 incensores
1165 4773 1207 4835 ad
1224 4772 1305 4834 haec
1321 4773 1525 4852 capessenda

71 4880 187 4942 studia
212 4877 408 4954 reddidistis,
442 4879 561 4959 quibus
595 4898 649 4940 me
680 4877 821 4960 ligneum
852 4877 1089 4957 philosophum
1119 4887 1152 4939 et
1186 4878 1328 4938 animare
1362 4887 1394 4937 et
1425 4896 1524 4957 quam

70 4982 309 5047 decentissime
330 5002 448 5045 ornare
470 4983 604 5062 possim.
629 4983 764 5044 lamiam
787 5002 850 5064 ego
874 4983 1026 5044 manibus
1049 4981 1256 5062 pedibusque
1272 4982 1303 5042 in
1319 4980 1402 5041 hanc
1419 4981 1524 5043 ducor

165 5225 184 5288 Ι)
203 5205 244 5274 Ze
261 5220 313 5274 zde
331 5219 425 5274 mlnln
443 5221 493 5290 Jan
513 5209 635 5283 Slechta‚
661 5221 776 5274 nembfe
795 5220 853 5290 biri
873 5222 1029 5290 pochybno.
1065 5223 1135 5291 Jeho
1160 5222 1362 5274 Mikrokosmus
1382 5220 1437 5289 jest
1454 5221 1522 5272 snad

67 5329 125 5366 ona
145 5308 259 5370 liniilra,
278 5308 374 5362 literou
392 5307 509 5377 Pfseclry
528 5309 621 5361 darem
641 5309 729 5361 dostal
748 5310 782 5361 od
802 5308 944 5361 Hrubeho.
