3674 5858
207 370 243 421 be
656 371 775 438 Ptseeky
794 369 943 423 Michalovi
962 386 994 422 ze
1014 368 1109 422 Stratie
1132 366 1206 420 1510.

208 581 420 662 expostulent
442 582 707 657 eruditissimum,
732 602 792 645 nec
816 602 878 663 ego
901 583 978 644 mihi
1001 591 1129 644 tantum
1152 582 1183 643 in
1206 582 1306 643 sacris
1322 581 1422 643 literis
1438 599 1600 662 arrogem,
1622 601 1636 643 t

208 686 284 749 huic
308 687 441 765 negotio
465 686 562 767 digne
586 685 816 765 respondeam,
840 696 950 746 tamen
973 686 1048 766 quia
1065 695 1097 747 et
1113 706 1172 747 vos
1195 696 1368 766 tantopere
1390 687 1521 767 urgetis,
1545 694 1578 746 et
1600 704 1636 762 eg

208 792 272 852 iam
296 800 392 852 antea
416 810 468 851 me
491 789 654 851 facturum
683 791 802 869 recepi,
833 790 922 851 dabo
945 790 977 851 id
1001 809 1138 869 operam
1163 809 1239 852 cum
1264 789 1346 865 De0,
1377 810 1418 851 ne
1441 789 1636 851 frustraneur

209 894 357 956 laborem
381 895 485 975 egisse
508 893 690 955 videamini.
737 893 863 955 Verum
886 893 962 954 nihil
987 902 1044 970 est,
1076 914 1143 974 quo
1166 914 1184 955 a
1208 913 1261 955 me
1285 903 1581 973 extemporaneam
1604 912 1636 954 er

181 998 346 1077 spectetis
368 998 572 1074 sententiam,
602 1017 687 1077 quae
719 997 901 1078 plerunque
925 1017 1056 1077 semper
1079 998 1163 1060 solet
1191 1018 1264 1060 esse
1287 998 1474 1073 temeraria;
1505 997 1636 1058 deliben

209 1101 305 1163 tionis
329 1121 415 1181 opus
437 1111 496 1177 est,
520 1111 553 1162 et
575 1100 709 1181 quidem
733 1103 886 1176 maxime,
910 1121 969 1163 nec
993 1103 1079 1163 enim
1104 1121 1204 1181 parva
1228 1102 1305 1163 mihi
1328 1122 1347 1162 a
1371 1102 1465 1163 vobis
1485 1102 1636 1182 iniungitt

209 1206 401 1285 provincia«
429 1204 483 1266 Ad
500 1225 576 1266 eum
592 1205 702 1285 itaque
725 1225 911 1267 sermonem
934 1225 996 1267 nos
1018 1225 1169 1286 gressum
1194 1205 1372 1268 retulimus.
1397 1204 1572 1267 Interiecto
1588 1205 1636 1266 dei

209 1310 367 1388 temporis
391 1309 553 1371 curriculo
577 1311 681 1372 visum
705 1320 762 1384 est,
785 1328 826 1371 ne
850 1309 971 1371 diutius
994 1309 1091 1370 animi
1115 1310 1327 1388 pendeamus,
1350 1309 1552 1372 monachum
1572 1309 1636 1371 illut

208 1413 367 1475 accedere
391 1422 423 1474 et
446 1415 640 1475 sententiam
665 1412 748 1474 illius
772 1414 814 1475 de
839 1434 873 1474 re
889 1414 949 1475 sibi
966 1414 1142 1475 commissa
1161 1414 1275 1475 audire
1308 1413 1392 1476 Mox
1409 1414 1506 1495 igitur
1522 1423 1559 1475 ut
1574 1413 1636 1475 illul

171 1544 196 1585 ιο
209 1518 431 1592 convenimus,
455 1518 543 1596 prior
567 1517 618 1578 ille
641 1519 683 1580 ad
707 1534 785 1579 nos:
813 1515 1018 1581 »Credebam
1042 1537 1122 1593 me,‹
1149 1519 1261 1598 inquit,
1290 1518 1447 1580 »multum
1464 1517 1587 1580 laboris
1603 1537 1636 1580 n<

210 1622 318 1684 minus
348 1621 528 1702 vigiliarum
558 1622 589 1682 in
621 1620 684 1683 hoc
716 1621 878 1701 opusculo
909 1622 1162 1701 insumpturum,
1192 1623 1271 1684 dum
1295 1622 1394 1683 fidem
1417 1623 1636 1684 imntaculatar

209 1746 228 1787 a
251 1726 480 1787 contaminatis
503 1744 641 1787 secerno
664 1724 864 1803 haeresibus,
888 1746 970 1807 quas
993 1727 1025 1787 in
1048 1726 1111 1789 isto
1136 1726 1244 1788 libello
1261 1726 1454 1788 delitescere
1477 1725 1571 1787 lacile
1587 1727 1636 1787 mil

209 1829 459 1909 persuadebam.
506 1828 603 1891 Nunc
626 1840 736 1891 autem
769 1829 864 1912 longe
887 1850 984 1892 secus
1007 1839 1106 1909 atque
1130 1830 1290 1909 opinabar
1313 1831 1429 1892 evenit.
1476 1829 1553 1892 Uno
1576 1830 1636 1892 enit

209 1944 265 1996 aut
287 1934 400 2010 altero⁴
414 1943 560 2012 excepto
583 1933 660 1995 nihil
684 1933 771 1997 aliud
796 1935 848 1996 hic
872 1935 1014 1996 invenias
1036 1935 1096 1997 nisi
1119 1955 1201 2011 eam,
1225 1954 1323 2015 quam
1348 1954 1409 1997 nos
1433 1954 1569 2015 quoque
1588 1954 1636 2013 prr

171 2039 349 2113 rafitemur,
383 2037 579 2100 catholicam
610 2037 718 2099 fidem.
764 2036 839 2117 Qua
871 2038 913 2099 de
946 2059 991 2117 re,
1022 2039 1047 2101 si
1079 2038 1121 2116 id,
1154 2039 1245 2119 quod
1278 2040 1427 2101 scribunt
1457 2037 1601 2118 publice,
1632 2063 1636 2095 ι

208 2143 387 2223 loquuntur
410 2143 559 2222 privatim
583 2152 616 2203 et
639 2143 789 2217 sentiunt,
813 2143 889 2204 nihil
913 2163 991 2204 sane
1014 2143 1177 2223 prohibet,
1200 2143 1375 2224 quominus
1398 2162 1457 2204 eos
1479 2140 1636 2204 catholic<

208 2247 391 2310 credamus
416 2244 473 2307 Sin
497 2266 584 2322 ver0,
607 2246 698 2326 quod
721 2256 766 2321 tu,
791 2246 986 2320 bernharde,
1011 2247 1128 2323 lateris,
1152 2247 1213 2308 alia
1237 2247 1372 2328 quidem
1388 2246 1477 2308 loras
1499 2247 1636 2308 emittun

207 2351 267 2413 alia
290 2360 399 2412 autem
431 2349 576 2428 privatos
607 2351 690 2412 intra
721 2351 863 2429 parietes
891 2352 1191 2424 comminiscuntur,
1223 2361 1253 2413 et
1284 2361 1321 2412 ut
1343 2350 1441 2432 vulgo
1464 2359 1636 2428 usurpatur

207 2466 265 2529 est,
289 2475 332 2517 ex
355 2454 474 2516 eodem
498 2474 556 2515 ore
579 2465 611 2516 et
635 2453 778 2516 calidum
795 2454 904 2517 elflant
928 2465 961 2516 et
983 2455 1144 2537 frigidum,
1167 2474 1234 2517 non
1250 2457 1327 2518 satis
1343 2464 1393 2517 est
1408 2474 1452 2516 ex
1468 2455 1533 2517 hoc
1554 2453 1636 2516 libell

169 2562 238 2624 rein
261 2559 415 2622 utramvis
438 2569 566 2638 partem
591 2558 737 2637 prolerre
760 2561 964 2635 sententiam,
987 2561 1047 2622 nisi
1070 2559 1233 2621 adfuerint
1257 2558 1300 2620 illi
1324 2578 1446 2634 coram,
1471 2578 1515 2619 ex
1540 2559 1636 2639 quibs

207 2663 360 2745 liquidius
392 2682 584 2744 cognoscas,
618 2664 710 2743 quod
741 2683 802 2725 suo
833 2664 964 2726 foveant
997 2665 1028 2725 in
1052 2673 1196 2742 pectore,
1231 2662 1311 2725 dum
1341 2662 1385 2724 ad
1408 2663 1565 2742 specialia
1588 2662 1635 2723 lid

208 2779 329 2848 puncta
353 2767 546 2830 descendas.
580 2767 704 2830 Verum
727 2768 770 2830 ad
794 2788 949 2849 praesens
972 2769 1070 2830 etiam
1094 2768 1157 2829 hoc
1181 2787 1282 2829 unum
1307 2767 1383 2828 mihi
1407 2786 1474 2828 non
1490 2767 1636 2847 probatu

208 2873 299 2954 quod
323 2873 365 2934 de
388 2871 615 2934 sacerdotibus
639 2873 732 2933 malis
755 2872 897 2951 pessime
920 2873 981 2951 ipsi
1004 2872 1152 2947 sentiant,
1176 2892 1260 2952 quos
1284 2873 1315 2932 in
1339 2871 1482 2950 peccatis
1506 2871 1636 2933 detenti

208 2976 402 3038 mortalibus
424 2975 501 3037 nihil
524 2977 555 3037 in
579 2976 739 3038 sacrificio
763 2977 893 3056 operari
920 2986 987 3041 tam
1020 2975 1098 3038 lalse
1130 2997 1228 3057 quam
1252 2977 1424 3037 temerarie
1447 2975 1636 3037 contendur

168 3103 194 3146 e>
210 3081 280 3144 Nec
304 3081 409 3156 vide0,
433 3081 606 3160 quomodo
630 3100 665 3142 se
689 3079 872 3143 catholicos
896 3091 1058 3160 reputant,
1081 3081 1136 3161 qui
1160 3079 1377 3142 universalem
1396 3099 1462 3141 non
1478 3097 1636 3160 agnoscar

209 3195 386 3266 pastorem.
410 3184 512 3245 Aiunt
535 3185 621 3246 enim
645 3205 681 3247 se
703 3206 722 3247 a
747 3185 895 3246 Romana
919 3184 1057 3247 ecclesia
1079 3184 1220 3247 avulsos.
1248 3181 1469 3247 Coniurarunt
1492 3194 1636 3262 praeterr

209 3292 241 3351 in
266 3288 426 3370 quosdam
450 3289 605 3350 articulos
630 3289 824 3351 foedissimis
847 3290 1015 3350 erroribus
1038 3288 1184 3364 inlectos,
1208 3308 1293 3367 quos
1309 3288 1386 3349 mihi
1403 3286 1501 3348 lrater
1526 3286 1636 3367 quida]

211 3395 363 3469 Bo'e‘mus‚
386 3394 438 3455 cui
461 3412 581 3454 nomen
604 3392 728 3474 Joanni,
757 3395 836 3456 dum
860 3392 1043 3454 Bononiam
1065 3393 1250 3468 advenerat,
1274 3390 1419 3453 obtulit·
1469 3388 1548 3469 Quo
1573 3390 1636 3452 dict

211 3498 358 3561 chartam
388 3496 484 3558 simul
517 3496 660 3576 protulit,
690 3496 785 3557 simul
814 3497 921 3577 legere
951 3497 1097 3576 occepit:
1136 3495 1227 3557 Deus
1258 3496 1354 3570 bone,
1384 3506 1505 3575 quanta
1537 3495 1570 3556 in
1603 3495 1636 3555 ill

169 3626 197 3667 :ro
209 3603 384 3676 temeritas,
408 3611 529 3682 quanta
552 3602 695 3663 coecitas
719 3600 825 3676 animi,
848 3610 969 3681 quanta
994 3600 1156 3681 religionis
1180 3601 1388 3679 perversitas!
1413 3598 1530 3661 Ausim
1553 3599 1636 3661 dicer

209 3727 276 3769 non
298 3708 406 3785 ipsum
430 3706 600 3768 diabolum
631 3725 672 3767 eo
703 3706 860 3768 audaciae
889 3705 940 3767 vel
963 3707 1125 3785 nequitiae
1147 3724 1293 3784 unquam
1317 3722 1531 3785 progressum
1555 3702 1636 3764 fuiss

210 3821 245 3873 ut
261 3821 330 3872 tam
346 3809 485 3872 nefanda
501 3810 815 3872 comminisceretur.
839 3809 992 3871 Perlectis
1015 3810 1156 3871 articulis
1184 3806 1238 3869 »Si
1254 3810 1342 3884 istae«
1369 3808 1480 3886 inquit,
1503 3817 1633 3869 »secret

210 3935 277 3995 quo
301 3934 379 3976 suae
402 3913 591 3994 indulgeant
616 3913 780 3993 perfidiae,
805 3913 886 3975 haec
910 3933 989 3974 vero
1013 3913 1153 3992 publice,
1177 3933 1245 3993 quo
1270 3913 1419 3974 homines
1438 3910 1489 3972 vel
1505 3910 1636 3972 deliniat

210 4019 259 4080 vel
284 4019 455 4098 pelliciant,
478 4017 569 4080 lateri
594 4029 843 4094 consueverunt,
867 4019 979 4098 ecquis
1002 4017 1135 4080 tandem
1153 4016 1273 4079 modus
1290 4024 1347 4089 est,
1371 4034 1438 4094 quo
1461 4034 1552 4076 ame
1567 4017 1637 4077 vob

171 4126 242 4185 sain
265 4124 326 4185 hac
350 4123 516 4202 provincia
539 4122 683 4193 satisfiat,
707 4142 811 4203 quave
835 4122 1022 4183 conditione
1039 4122 1207 4202 quidpiam
1231 4121 1310 4182 certi
1334 4119 1376 4181 de
1392 4119 1556 4181 eiusmodi
1573 4134 1636 4181 sect

211 4227 347 4289 definire
370 4227 464 4289 vobis
487 4226 642 4306 poter0?‹
669 4226 724 4288 Ad
748 4226 829 4287 haec
853 4245 915 4306 ego
944 4225 1065 4297 ›Illos‹
1092 4227 1232 4306 inquam,
1259 4225 1309 4285 ›in
1333 4223 1519 4304 praesentia
1543 4224 1636 4286 miss(

212 4331 376 4401 iaciamus,
399 4332 520 4411 quibus
546 4340 636 4393 tanta
659 4341 709 4393 est
732 4330 876 4410 perfidia,
909 4340 944 4392 ut
967 4351 1008 4391 ne
1030 4331 1089 4409 ipsi
1121 4329 1255 4409 quidem
1287 4328 1361 4389 fidei
1386 4327 1485 4389 fidem
1509 4328 1636 4390 habear

212 4436 388 4497 obstinatio
413 4437 533 4497 erroris
555 4445 653 4510 tanta,
685 4444 720 4496 ut
744 4455 801 4496 eos
825 4454 866 4495 ne
890 4434 1095 4495 Vertumnus
1119 4433 1252 4513 quidem
1276 4434 1346 4512 ipse
1370 4433 1514 4493 verterit:
1547 4433 1590 4494 de
1615 4433 1636 4494 h

212 4559 299 4615 vero,
330 4559 415 4619 quos
449 4537 500 4599 alii
535 4539 696 4614 HussitaS,
730 4537 875 4600 nonnulli
906 4558 982 4599 vero
1014 4535 1168 4611 Calixtas,
1203 4556 1277 4616 pars
1311 4536 1453 4598 Boemos
1486 4536 1636 4615 appellat

172 4662 198 4702 ιο
212 4641 369 4723 quidnam
393 4643 433 4704 sit
456 4642 661 4704 sentiendum
686 4643 805 4722 quidve
828 4641 888 4704 illis
911 4640 1188 4720 respondendum,
1216 4659 1297 4721 rogo
1322 4640 1452 4701 doceas.
1476 4637 1546 4701 Etsi
1569 4660 1636 4702 nau

211 4766 275 4825 que
306 4766 368 4828 ego
399 4746 591 4826 theologum
622 4765 689 4807 non
720 4745 888 4824 profiteor,
918 4755 954 4807 ut
984 4755 1051 4806 tam
1082 4745 1258 4806 vehemens
1288 4747 1357 4805 eius
1388 4744 1432 4804 rei
1461 4762 1515 4804 me
1539 4743 1636 4805 debe:

210 4850 397 4912 sollicitudo
433 4850 562 4926 habere,
597 4852 673 4931 quia
706 4859 816 4911 tamen
851 4848 953 4910 multa
987 4849 1153 4910 multoties
1188 4849 1229 4908 ab
1261 4847 1320 4909 illis
1350 4848 1381 4909 in
1413 4846 1495 4909 hanc
1531 4860 1636 4926 parter

210 4954 374 5034 disputata
406 4954 523 5030 audivi,
554 4973 614 5015 nec
638 4975 705 5034 quo
736 4964 833 5033 pacto
861 4973 900 5012 ea
925 4951 1113 5028 refellerem,
1145 4953 1287 5013 invenire
1317 4954 1419 5031 potui,
1451 4952 1550 5028 cupio
1573 4972 1636 5013 nur

210 5058 347 5119 modum
370 5058 511 5139 aliquem
536 5058 613 5119 mihi
638 5057 802 5121 ostendas.
826 5077 892 5137 quo
911 5076 962 5116 me
979 5077 1055 5137 erga
1073 5056 1144 5117 illos
1160 5075 1273 5136 gerere
1296 5054 1445 5115 debeam.
1470 5052 1555 5115 Sunt
1572 5057 1636 5117 enit

168 5162 357 5223 ¹rahomines
380 5163 500 5240 alioqui
535 5162 756 5242 argumentosi
788 5171 819 5221 et
842 5163 873 5221 in
897 5183 937 5221 eo
962 5161 1060 5221 studii
1083 5179 1210 5240 genere,
1242 5158 1331 5238 quod
1364 5157 1439 5218 fidei
1469 5167 1528 5227 est,
1560 5179 1636 5238 quai

209 5267 334 5345 oppido
358 5267 527 5349 diligenter
550 5288 622 5328 sese
646 5275 849 5328 exercentes.
873 5265 1027 5326 Evariant
1046 5273 1156 5325 auteur
1180 5285 1199 5324 a
1223 5264 1370 5324 Romana
1394 5262 1532 5324 ecclesia
1556 5263 1588 5324 iu
1613 5263 1634 5323 h
