3674 5858
203 360 238 413 54
653 357 771 426 Pisecty
789 356 939 410 Michalovi
959 372 991 409 ze
1010 354 1107 409 Strtiie
1126 354 1202 409 1510.

203 571 303 633 sacris
326 570 459 631 omnino
482 568 621 630 videare.
661 568 746 630 Nam
770 578 802 629 et
826 569 858 629 in
883 566 974 630 ltalia
997 567 1246 630 humanioribus
1269 576 1397 629 tantum
1421 566 1520 630 literis
1543 568 1639 628 initiat

203 694 268 736 non
292 673 418 753 oppido
442 692 579 753 magnae
595 683 671 734 sunt
687 673 929 735 aestimationis.
953 670 1081 735 Cultelli
1105 690 1124 732 a
1140 681 1173 732 te
1188 680 1221 733 et
1237 671 1377 733 maiores
1393 680 1426 732 et
1442 671 1596 747 minores
1620 692 1639 733 11

204 778 316 856 accepi
338 798 357 838 a
379 778 535 859 genitrice
559 797 639 852 mea,
675 786 750 837 sunt
773 776 874 853 allati;
906 777 983 857 quia
1013 795 1091 838 vero
1123 774 1205 850 illos,
1234 794 1320 854 quos
1351 794 1469 857 magna
1495 796 1573 838 cum
1596 795 1639 838 ex

204 883 388 962 pectatione
412 881 595 960 sperabam,
619 900 685 942 non
711 879 827 956 babeo,
851 889 927 941 tuae
950 880 1164 963 negligentiae
1186 889 1361 960 acceptum
1378 879 1493 942 resero.
1518 880 1639 943 Nicola·

177 986 346 1048 bPiscensi
371 984 489 1046 bibliae
512 1004 609 1046 usum
633 986 789 1060 concessi,
812 985 876 1046 vim
900 985 1034 1046 dominii
1059 984 1135 1045 mihi
1153 995 1328 1047 reservato.
1353 984 1511 1066 Magistro
1536 984 1639 1047 Vince

205 1089 274 1152 slao
305 1086 455 1151 Candido
487 1089 576 1151 dices
611 1087 707 1164 salve,
742 1090 897 1170 magistro
929 1088 1107 1151 Laurentio
1137 1109 1205 1159 ave,
1240 1090 1398 1170 magistro
1430 1088 1592 1166 michaeli,
1622 1110 1639 1151 u

205 1192 387 1255 secundum
411 1192 593 1256 Lucianum
611 1192 728 1266 dicam,
751 1192 835 1269 vale,
862 1203 1031 1271 praeterea
1048 1201 1226 1273 expectare
1242 1193 1436 1273 propediem
1452 1192 1639 1274 longissima

205 1297 274 1360 illas
297 1296 462 1378 epistolas,
486 1316 571 1377 quac
594 1299 623 1358 ei
646 1297 722 1359 velit
745 1296 826 1359 nolit
849 1296 1071 1378 longissimum
1094 1297 1239 1359 taedium
1263 1308 1339 1359 sunt
1362 1296 1529 1359 allaturae.
1565 1296 1639 1359 Valr

208 1401 377 1465 Bononiae
402 1401 449 1462 lll.
473 1399 616 1483 Augusti
639 1420 726 1462 anno
750 1401 860 1463 MDX.

168 1515 194 1556 ¹⁰
293 1503 417 1567 Scribis
438 1503 649 1567 tumultuarie
671 1514 705 1566 te
728 1504 894 1566 dictitasse
918 1504 1012 1581 illam,
1041 1525 1140 1586 quam
1165 1505 1207 1567 ad
1231 1525 1284 1567 me
1307 1504 1436 1583 dedisti,
1468 1503 1639 1585 epistolam

208 1609 355 1690 cognovi,
377 1609 502 1670 etiamsi
525 1609 691 1670 tacuisses.

872 1850 989 1912 XVlll.

402 2025 404 2029 ·
440 1985 605 2060 Vaclav
635 1986 818 2085 Pisecky
847 1990 901 2061 M.
936 1988 1168 2063 Michalovi
1196 2011 1244 2062 ze
1274 1988 1428 2064 struae.

294 2175 467 2231 Vssononll
489 2175 564 2229 1510
585 2207 616 2213 --
637 2175 690 2230 25.
711 2174 780 2231 1111.
812 2177 965 2244 21111111ηέ
989 2177 1088 2246 chvdly
1116 2178 1222 2231 vzdand
1244 2178 1343 2231 svemu
1371 2177 1435 2231 lietu
1460 2178 1566 2247 derpati
1592 2179 1639 2232 mli

206 2265 293 2317 toliko
311 2263 432 2331 pobldlru
451 2262 468 2314 k
486 2262 600 2315 studilm
620 2263 728 2315 dalslm.
748 2264 767 2317 S
785 2264 866 2316 tlmto
884 2263 976 2316 listem
995 2264 1113 2317 zaltovell
1133 2263 1221 2331 poslld
1234 2264 1317 2334 leclq'y
1331 2265 1501 2318 Korambovi
1514 2283 1532 2318 a
1546 2266 1639 2333 plelrla

202 2350 268 2418 jeho
287 2350 406 2419 latinslrv
426 2349 584 2402 Michalovi.
603 2350 720 2403 Pleklad
739 2358 786 2402 ten
806 2350 985 2420 nevystihuje
998 2349 1126 2420 prvjako
1139 2351 1224 2404 latina
1237 2350 1327 2404 vubec
1341 2351 1481 2420 lileplrosti
1495 2368 1511 2403 a
1525 2353 1639 2420 elegant

207 2438 298 2503 lecke,
316 2437 323 2489 i
344 2436 412 2489 minl
432 2436 493 2489 dale
511 2434 640 2504 Plseclcv,
664 2436 719 2505 aby
744 2437 902 2490 Korambus
926 2438 1010 2507 iecky'
1033 2438 1079 2491 list
1103 2438 1216 2506 pieloiil
1241 2439 1301 2491 sam
1326 2456 1342 2491 a
1369 2438 1423 2506 aby
1447 2446 1526 2491 tento
1551 2441 1639 2507 plekla

207 2525 301 2592 sjeho
319 2523 476 2593 plelrladem
496 2522 542 2592 byl
560 2524 683 2576 srovnan
702 2542 718 2576 a
735 2523 811 2591 jemu
832 2525 933 2578 zasllm.
969 2527 1068 2578 Potom
1094 2524 1238 2593 nasleduje
1260 2525 1340 2592 jakas
1359 2527 1522 2593 pledrnluva
1547 2526 1602 2579 lrt.
1620 2544 1639 2580 z*

207 2610 308 2664 1111111111
328 2609 482 2663 Piseclrdho
501 2627 515 2661 s
534 2610 676 2663 mnichem
697 2611 876 2680 Bononslry'm
897 2611 1069 2680 oplijlmlml
1083 2612 1202 2666 avatosti
1223 2612 1330 2676 oltarnl,
1349 2631 1367 2665 v
1380 2611 1425 2666 nii
1438 2614 1529 2666 diroce
1542 2614 1639 2683 vylrldd

207 2700 306 2752 auktor
332 2703 435 2768 napled
463 2699 608 2769 pohnutlru
636 2702 653 2752 k
678 2702 762 2752 ndmu
789 2698 939 2768 (apostasie
967 2700 1096 2752 Sovkova
1121 2716 1137 2752 a
1163 2699 1307 2752 vzbuzena
1333 2699 1465 2767 nejistota
1482 2700 1639 2755 Michalova

207 2793 302 2854 potom
321 2788 470 2856 vyhledimi
488 2787 599 2839 vhodne
619 2786 790 2855 plilelitosti.
822 2786 947 2855 {Hadltni
965 2803 1044 2839 samo
1070 2785 1199 2840 votislru
1217 2794 1306 2839 tomto
1327 2786 1384 2854 jest
1407 2788 1595 2856 vynechano.)
1624 2791 1639 2841 F

209 2876 272 2926 nem
292 2873 432 2941 nasleduje
451 2875 549 2927 doslov
567 2873 640 2926 dosti
654 2873 777 2942 obsirny,
796 2892 813 2926 v
827 2873 908 2926 nemi
922 2874 1025 2942 vytpka
1037 2874 1156 2943 Piseclry
1171 2875 1357 2927 nevedomost
1368 2874 1524 2942 tehdejsich
1540 2875 1636 2928 mnich

209 2960 278 3012 lrtell
307 2960 452 3028 nedbajlce
480 2960 601 3014 starllho
626 2959 804 3027 pisemnictvl
832 2960 1032 3013 tresianskeho
1060 2960 1146 3013 tolilro
1174 2961 1222 3013 sve
1249 2961 1419 3030 scholastiliy
1445 2962 1468 3013 si
1488 2962 1562 3015 hledi
1586 2979 1605 3015 a
1628 2963 1636 3015 l

208 3047 407 3117 dryadniclry'm
436 3048 562 3100 kalzanim
592 3047 662 3100 lazi.
699 3048 770 3100 Dale
799 3046 875 3115 lituje
904 3048 1003 3116 pisatel
1031 3047 1213 3101 nestastneho
1241 3049 1329 3101 osudu
1355 3034 1458 3113 decha,
1487 3049 1558 3101 ktert
1583 3049 1639 3116 neje

209 3153 226 3186 v
245 3134 375 3187 olrolnlch
395 3135 532 3188 Nemclcb
551 3136 593 3188 ale
612 3133 647 3201 iii
666 3134 674 3186 i
692 3152 710 3186 v
729 3135 798 3187 ltalii
818 3134 1025 3202 nespravedlive
1043 3133 1106 3201 jsou
1126 3135 1290 3187 ostuzovam
1307 3134 1371 3203 jairo
1390 3135 1485 3198 bacili,
1504 3134 1512 3187 1
1532 3137 1639 3189 sbledai

209 3221 276 3273 toho
294 3223 450 3289 pbvodcem
471 3221 579 3274 Enease
599 3220 701 3289 Sylvia.
722 3222 855 3274 Konetne
876 3221 952 3288 lituje
971 3222 1133 3289 polrleslosti
1157 3221 1312 3292 university
1331 3222 1450 3275 Pralslre
1469 3238 1485 3273 a
1504 3224 1639 3276 netednos

210 3308 315 3368 mistim
335 3308 342 3360 i
361 3308 459 3375 slibuje
479 3308 614 3361 liorlivost
627 3309 737 3370 vlastnl,
755 3307 787 3361 ai
800 3326 831 3361 se
844 3309 928 3361 domu
943 3309 1021 3370 mati,
1041 3325 1058 3360 a
1076 3317 1153 3376 trpce
1167 3310 1232 3362 kara
1246 3309 1363 3377 pose-titt
1376 3309 1513 3378 polardanl
1532 3309 1639 3363 studies

210 3395 386 3464 klassiety'mi
406 3413 423 3447 v
441 3396 525 3448 Praze
566 3395 648 3461 urst.
666 3396 723 3464 rkp.
743 3395 792 3448 trs.
811 3396 888 3448 xvu
907 3412 924 3447 a
943 3382 973 3447 11.
993 3396 1043 3448 us.
1062 3396 1105 3463 11.)

300 3588 502 3651 Venceslaus
526 3589 668 3651 Bo'emus
693 3589 845 3651 llliclra'eli
876 3610 937 3652 suo
960 3611 983 3652 s.
1008 3610 1038 3669 p.
1062 3589 1093 3651 d.
1133 3590 1238 3652 Nimis
1261 3601 1297 3651 tu
1322 3588 1481 3670 prolecto,
1512 3591 1639 3654 nimis«

212 3714 324 3755 amore
347 3693 465 3755 falleris
488 3702 520 3754 et
543 3693 673 3769 iudicio,
704 3696 757 3774 qui
781 3714 820 3755 ea
843 3693 918 3754 mihi
942 3694 1065 3767 tribuis,
1097 3714 1181 3774 quae
1211 3715 1273 3777 ego
1297 3715 1357 3756 nec
1382 3692 1484 3756 modo
1508 3715 1639 3776 agnose

212 3819 272 3861 nec
296 3818 441 3878 unquam
465 3797 599 3859 forsitan
623 3808 790 3878 praestare
822 3807 948 3877 potero,
976 3798 1113 3879 leveque
1143 3800 1305 3873 aestimas,
1336 3800 1362 3860 si
1391 3799 1469 3878 quid
1502 3800 1533 3860 in
1559 3799 1635 3861 latin

174 3939 199 3980 15
212 3904 311 3965 literis
342 3922 394 3963 me
423 3901 564 3964 ollacere
596 3912 699 3978 putes,
733 3902 792 3963 nisi
823 3911 855 3962 ct
885 3902 1016 3964 atticam
1048 3902 1230 3964 Minervam
1262 3904 1325 3964 iam
1358 3902 1435 3965 mihi
1457 3903 1639 3966 arrideret

213 4009 349 4070 libenter
372 4008 414 4068 ita
437 4018 469 4067 et
494 4005 586 4067 lacile
609 4006 733 4079 credas,
756 4005 832 4067 nihil
856 4025 934 4067 sane
958 4007 1086 4079 veritus,
1110 4006 1142 4068 id
1160 4007 1250 4086 quod
1268 4007 1366 4089 vulgo
1383 4006 1446 4068 dici
1466 4017 1640 4086 usurpatur

213 4122 278 4175 est:
304 4110 375 4173 »Ne
398 4110 483 4173 ultra
507 4108 705 4189 crepidam‹.
730 4109 758 4170 T
761 4129 814 4170 am
838 4110 923 4171 enim
948 4109 1067 4172 iudicio
1091 4111 1133 4171 illi
1157 4112 1199 4173 de
1223 4131 1295 4172 mea
1319 4111 1459 4190 epistola
1481 4110 1570 4173 lacto
1594 4114 1639 4191 pia

212 4235 309 4278 aures
339 4214 505 4289 admisisti,
536 4224 571 4274 ut
601 4222 696 4274 extra
727 4233 859 4275 omnem
890 4234 974 4293 pene
1006 4217 1070 4276 veri
1101 4217 1359 4277 aestimationem
1384 4227 1497 4295 raptus
1519 4216 1639 4278 videar«

213 4340 280 4382 non
309 4320 373 4380 alio
406 4318 501 4397 plane
531 4319 589 4379 nisi
621 4317 798 4379 immodico
832 4320 896 4378 mei
927 4338 1038 4380 amore
1069 4319 1241 4381 abductus.
1281 4319 1324 4381 Et
1347 4319 1424 4381 lacis
1455 4328 1491 4380 tu
1515 4319 1639 4400 quiden

176 4423 304 4506 wquod
329 4442 530 4484 consuevere
553 4422 657 4497 amici,
680 4432 716 4483 ut
740 4423 793 4501 qui
819 4442 871 4483 me
894 4423 1087 4485 effusissime
1110 4423 1233 4505 diligas,
1257 4444 1338 4485 mox
1371 4423 1412 4483 dc
1436 4442 1489 4484 me
1511 4423 1639 4485 sublimi

215 4527 376 4609 quaedam
401 4547 439 4588 ac
463 4527 602 4608 ingentia
632 4526 682 4586 vel
705 4527 888 4608 imagineris
918 4529 995 4606 ipse,
1024 4526 1073 4588 vel
1105 4540 1194 4589 certe
1224 4528 1266 4588 ab
1289 4527 1353 4588 alio
1378 4526 1478 4589 relata
1503 4527 1639 4589 levissirr

214 4633 380 4710 suscipias,
426 4630 551 4693 Natum
584 4629 746 4710 siquidem
777 4640 1004 4709 comparatum
1033 4640 1083 4692 est
1114 4630 1218 4711 lquod
1250 4631 1293 4690 ait
1325 4626 1402 4711 ille),
1434 4640 1469 4692 ut
1500 4651 1548 4707 ea,
1580 4651 1639 4712 qua

214 4738 350 4798 libenter
373 4735 533 4810 andimus
557 4733 648 4796 lacile
671 4733 854 4795 credamus.
900 4732 976 4812 Quo
1001 4734 1044 4811 fit,
1072 4745 1108 4795 ut
1130 4733 1180 4795 vel
1204 4752 1245 4795 eo
1269 4753 1336 4796 uno
1360 4743 1392 4795 te
1425 4734 1455 4794 in
1479 4735 1639 4797 amicorui

214 4859 386 4901 numerum
420 4839 637 4918 redigendum
661 4857 822 4912 censeam,
850 4857 949 4918 quem
977 4837 1162 4899 studiorum
1187 4857 1337 4899 meorum
1366 4846 1398 4898 et
1428 4838 1639 4899 admiratorei

175 4973 202 5015 α,
216 4944 354 5026 cognovi
378 4954 409 5004 et
434 4944 688 5003 buccinatorem.
713 4942 806 5003 Licet
829 4952 937 5003 autem
962 4962 1023 5024 ego
1047 4962 1100 5003 me
1123 4963 1189 5004 non
1206 4944 1360 5022 ignorem,
1384 4940 1457 5002 licet
1474 4941 1639 5022 Ligurinui

216 5047 304 5108 illum
330 5047 480 5107 blomum
505 5045 656 5107 libentius
680 5066 778 5125 quam
804 5046 971 5125 Euterpen
995 5047 1135 5122 audiam,
1160 5056 1269 5107 tamen
1294 5065 1446 5124 prorsum
1468 5045 1614 5124 pedibus
1637 5048 1639 5075 ³

216 5161 305 5212 tuam
336 5171 469 5231 quoque
500 5171 540 5211 eo
571 5152 764 5211 sententiam
789 5152 840 5227 ita,
871 5162 906 5212 ut
935 5170 987 5212 me
1010 5171 1077 5212 non
1100 5151 1243 5229 pessime
1275 5149 1412 5210 doctum
1437 5149 1507 5211 lore
1532 5170 1639 5227 sperat

216 5254 278 5316 iam
302 5258 435 5334 possim,
458 5255 591 5334 quando
615 5267 673 5316 tuo
697 5257 793 5316 etiam
817 5256 936 5316 iudicio
960 5255 1001 5315 ad
1026 5255 1104 5315 illud
1129 5253 1329 5333 sperandum
1352 5254 1477 5314 incitor.
1511 5253 1639 5316 Libent-
