3674 5858
555 436 687 489 Erasmus
706 435 926 504 Roterodamslql
947 435 1017 504 Janu
1037 420 1181 488 blechtori
1202 429 1277 486 1519.
1608 431 1641 484 81

183 646 312 709 latriam
329 648 448 709 cadere
463 663 588 720 omnes,
612 654 774 726 quotquot
798 666 906 707 coram
924 645 977 706 illo
993 664 1098 728 genua
1114 643 1245 706 flectunt
1268 654 1300 706 et
1317 647 1481 705 incurvant
1499 644 1545 705 vel
1570 641 1647 704 illud

187 750 335 826 adorant,
362 770 437 812 cum
467 751 500 812 in
530 750 626 812 alium
658 749 755 811 tinem
785 771 804 811 a
835 749 961 813 Christo
989 759 1228 811 sacramentum
1260 747 1337 810 illud
1367 747 1547 811 institutum
1580 765 1647 808 non

188 855 226 916 sit
258 856 318 917 nisi
346 855 389 917 ad
418 858 609 916 memoriam
641 856 800 934 passionis
830 856 931 934 ipsius
961 854 1178 917 recolendam.
1210 864 1241 914 ct
1273 871 1338 913 non
1364 860 1398 912 ut
1421 850 1494 912 hinc
1517 861 1549 911 et
1571 850 1646 912 inde

189 959 436 1031 circumferatur,
452 969 507 1021 aut
523 958 682 1020 elevatum
699 978 718 1018 a
735 958 901 1019 sacerdote
916 957 1091 1020 vIdendum
1108 956 1307 1028 ostendatur,
1332 956 1485 1034 quoniam
1503 953 1648 1017 Christus

179 1065 265 1143 ipse,
295 1064 350 1143 qui
373 1061 559 1125 adorandus
587 1073 619 1124 et
643 1062 730 1124 cultu
753 1060 861 1124 latriae
886 1060 1096 1122 honorandus
1123 1070 1180 1134 est,
1209 1059 1300 1120 sedet
1330 1060 1371 1120 ad
1395 1059 1563 1119 dexteram
1585 1056 1647 1119 Dei
1672 1069 1687 1108 ⁶

197 1165 301 1241 Patris,
332 1168 414 1227 sicut
444 1167 475 1227 in
504 1166 658 1245 symbolo
690 1164 764 1226 fidei
795 1166 964 1227 christiana
991 1164 1161 1226 confitetur
1184 1164 1325 1226 ecclesia.
1371 1161 1528 1245 Suffragia
1552 1181 1648 1223 sanc-

165 1284 296 1333 ·torum
320 1279 352 1332 et
374 1272 538 1333 orationes
560 1290 619 1351 pro
643 1270 778 1331 mortuis
801 1288 869 1330 rem
893 1289 1010 1331 vanam
1039 1279 1070 1330 et
1094 1267 1259 1330 ridiculam
1282 1269 1482 1340 arbitrantur,
1506 1266 1649 1329 similiter

199 1373 424 1437 consessionem
439 1372 647 1436 auricularem
664 1385 696 1436 et
712 1376 945 1454 poenitentiam
962 1392 1021 1452 pro
1037 1373 1176 1452 peccatis
1192 1393 1211 1433 a
1227 1370 1450 1434 sacerdotibus
1466 1373 1648 1432 iniunctam.

202 1478 324 1561 Vigilias
346 1488 379 1541 et
401 1480 520 1540 ieiunia
543 1478 650 1541 sucum
674 1490 705 1540 et
728 1479 898 1541 tectorium
923 1496 994 1539 esse
1017 1476 1267 1557 hypocritarum,
1299 1477 1380 1537 Iesta
1403 1474 1497 1535 divae
1520 1475 1648 1556 virginis

204 1582 323 1657 Mariae,
346 1582 570 1661 apostolorum
593 1596 625 1645 et
648 1581 843 1662 reliquorum
867 1581 1015 1643 divorum
1032 1582 1161 1642 inventa
1176 1597 1248 1641 esse
1272 1581 1450 1641 otiosorum
1475 1577 1647 1651 affirmant,
1663 1587 1688 1630 ¹0

203 1688 262 1749 dies
282 1697 392 1748 tamen
415 1687 596 1749 dominicos
620 1697 651 1749 et
674 1686 790 1748 testum
815 1685 927 1747 natalis
951 1684 1109 1747 dominici.
1134 1683 1274 1763 paschae
1290 1688 1322 1745 ei
1338 1691 1544 1763 pentecostes
1566 1680 1648 1743 cele

207 1791 295 1853 brant
330 1788 433 1852 Multa
456 1801 563 1854 essent
586 1791 646 1854 alia
670 1790 796 1852 illorum
820 1800 1042 1870 portentorum
1070 1790 1247 1868 pernIciosa
1270 1786 1425 1869 dogmata
1448 1803 1647 1847 commemo·

205 1895 299 1967 tanda,
330 1896 355 1956 si
379 1913 446 1956 non
469 1897 626 1959 rationem
660 1895 829 1957 meliorum
854 1903 885 1956 et
908 1895 1090 1975 graviorum
1119 1892 1300 1953 studiorum
1323 1902 1455 1953 tuorum
1479 1889 1644 1950 haberem.

206 1998 233 2061 Si
252 2012 356 2061 tamen
380 2001 563 2078 superiores
579 2000 665 2061 duae
681 2000 836 2060 factiones
852 1998 894 2058 ad
910 1996 1118 2058 concordiam
1142 1996 1377 2066 reducerentur,
1399 2004 1509 2074 posset
1531 2003 1562 2054 et
1586 1994 1645 2053 ista

204 2105 307 2164 nelaria
330 2115 418 2164 secta
442 2101 602 2184 (quamvis
625 2105 689 2163 iam
712 2101 885 2183 plurimum
901 2113 1002 2176 aucta,
1027 2102 1169 2161 maxime
1185 2118 1261 2160 vero
1277 2111 1407 2179 propter
1423 2100 1520 2161 vitam
1544 2116 1647 2159 sacer·
1663 2107 1688 2149 ¹1·

208 2205 307 2269 dotum
331 2207 465 2269 nimium
490 2206 694 2283 dissolutam)
721 2205 897 2286 opitulante
921 2223 995 2286 rege
1019 2205 1222 2266 exterminari
1255 2200 1355 2264 telin
1381 2203 1548 2264 meliorem
1572 2200 1645 2262 fidei

207 2324 233 2372 et
252 2311 409 2392 religionis
436 2310 574 2372 formam
599 2311 718 2373 reduci.
756 2308 822 2371 Sed
846 2309 888 2371 de
911 2309 969 2371 hiis
992 2310 1055 2369 iam
1079 2308 1133 2370 diu
1157 2325 1318 2387 superque
1341 2309 1428 2369 satis.
1452 2305 1546 2388 Rogo
1570 2305 1648 2366 velis

207 2417 337 2495 aequiori
367 2418 476 2478 animo
504 2414 585 2476 ferre
616 2413 699 2475 hanc
722 2432 828 2475 meam
853 2425 920 2474 tam
943 2411 1191 2474 immoderatam
1214 2410 1455 2490 loquacitatem,
1485 2427 1548 2488 qua
1572 2427 1648 2490 erga

206 2532 232 2579 te
250 2537 313 2580 non
336 2519 397 2580 alia
420 2538 519 2580 causa
549 2537 626 2580 usus
650 2537 730 2594 sum,
754 2519 812 2578 nisi
837 2528 871 2578 ut
895 2516 1069 2578 factionum
1099 2524 1279 2577 nostrarum
1305 2513 1517 2594 multiplicum
1540 2531 1647 2574 veram

203 2631 229 2682 et
242 2633 360 2683 certam
376 2624 534 2683 rationem
551 2623 724 2703 acciperes.
747 2622 876 2684 Literae
893 2623 972 2682 istae
988 2622 1092 2683 citone
1108 2631 1139 2682 te
1154 2619 1351 2701 contingent,
1375 2636 1506 2697 prorsus
1528 2618 1647 2687 nescio,
1661 2627 1689 2670 w

205 2745 266 2787 cum
290 2725 416 2788 Misnae
439 2725 502 2788 tela
522 2724 690 2806 ApoIIInea
713 2727 833 2806 passim
850 2725 983 2786 volitare
1000 2724 1153 2798 dicantur,
1177 2742 1259 2803 quae
1275 2721 1358 2783 sorte
1370 2720 1513 2802 Jodocus
1529 2732 1646 2793 noster,

207 2842 299 2893 rector
321 2830 509 2892 academiae
538 2827 791 2909 Erfordiensis,¹)
823 2832 940 2891 evitare
963 2828 1076 2889 volens
1098 2827 1140 2888 ad
1164 2825 1324 2906 quaedam
1356 2842 1428 2886 sese
1451 2824 1520 2885 loca
1545 2841 1648 2885 remo

207 2933 276 2996 liora
297 2936 468 3014 receperit;
500 2953 575 2996 nam
599 2943 632 2996 et
653 2934 763 2995 literae
786 2945 870 3007 tuae,
901 2951 982 3012 quas
1005 2934 1032 2993 ei
1056 2931 1099 2993 ad
1122 2950 1175 2992 me
1199 2929 1373 2991 mittendas
1397 2928 1582 3002 tradideras,
1606 2926 1648 2988 ad

208 3049 331 3119 quatuor
364 3056 493 3099 menses
527 3038 616 3119 apud
650 3056 725 3099 eum
756 3048 900 3098 retentae
930 3035 1055 3097 fuerunt
1090 3052 1155 3095 non
1183 3042 1292 3095 tamen
1322 3032 1382 3093 alia
1413 3051 1518 3105 causa,
1549 3050 1648 3112 quam

210 3142 282 3221 quod
302 3141 433 3204 fidelem
459 3141 674 3222 tabellarium,
699 3140 753 3220 qui
776 3139 837 3202 huc
859 3141 1016 3211 transiret,
1038 3157 1103 3199 non
1119 3136 1238 3199 habuit.
1261 3133 1365 3216 Cupio
1381 3144 1422 3209 te,
1447 3138 1548 3208 amice
1571 3135 1687 3197 cha-rs

211 3247 319 3318 rissime,
342 3245 399 3308 diu
423 3254 455 3307 et
479 3247 603 3326 optime
626 3243 731 3306 valere
748 3260 873 3321 meque,
898 3254 932 3303 ut
954 3244 1098 3323 coepisti,
1121 3241 1250 3324 dihgere
1266 3252 1306 3312 et,
1329 3259 1403 3300 curn
1426 3252 1647 3320 opportunum

212 3352 264 3423 erit,
276 3350 417 3412 nonnihil
433 3350 617 3423 rescribere,
640 3347 729 3427 quod
747 3358 778 3409 et
793 3365 856 3428 ego
872 3365 924 3407 me
941 3346 1098 3409 iacturum
1122 3347 1249 3425 recipio
1274 3343 1380 3405 Etiam
1405 3344 1481 3404 vale.
1504 3343 1556 3405 Ex
1573 3364 1648 3406 arce

214 3471 299 3515 nossra
329 3454 553 3517 Kostelecensi
584 3453 623 3514 X.
648 3451 801 3515 Octobris
833 3464 918 3513 anno
950 3450 1131 3512 dominicae
1162 3449 1386 3510 incarnationis
1417 3446 1463 3509 M.
1494 3445 1534 3510 D.
1559 3447 1646 3512 XIX.

847 3765 995 3828 XXVIII.

354 3966 369 4002 ‚.
436 3908 645 3981 Erasmus
674 3903 1013 4000 Roterodamsky
1036 3904 1145 3999 Janu
1175 3880 1404 3977 §lechtovi

282 4095 441 4151 vtorantt
461 4094 616 4160 (Lilwanu)
638 4093 712 4148 l6l0
733 4125 764 4132 -
786 4093 806 4146 l.
826 4092 882 4146 llsl.
911 4090 1063 4156 Prohlasiv,
1087 4090 1118 4143 ie
1137 4091 1252 4159 pomluv
1271 4107 1288 4144 ο
1307 4092 1369 4143 nem
1390 4088 1520 4157 illenych
1542 4086 1647 4141 nemini

216 4172 234 4226 ti
247 4179 297 4236 rttte
312 4182 428 4236 vilmati
446 4181 590 4250 vyslovuje
609 4200 639 4234 se
659 4181 755 4249 nejprv
773 4198 789 4232 ο
808 4187 876 4242 torn,
894 4182 961 4247 prod
981 4198 998 4231 v
1017 4178 1155 4231 Nemclch
1174 4177 1241 4232 tolik
1255 4178 1313 4230 tadi
1326 4175 1513 4246 loupeinictvl
1525 4193 1541 4228 a
1554 4175 1648 4228 laterali

216 4259 265 4329 bylo
279 4268 312 4338 by
331 4287 377 4324 mu
397 4268 496 4323 utiniti
515 4268 609 4338 pfltri,
629 4268 637 4320 i
657 4268 749 4329 doula,
773 4266 806 4320 ie
824 4266 870 4319 talr
889 4265 964 4319 utini
992 4268 1062 4318 nove
1083 4265 1200 4332 avolemt
1220 4265 1293 4317 cisat
1311 4264 1392 4316 Karel
1412 4265 1444 4316 V.
1481 4265 1580 4316 Potom
1601 4279 1647 4331 vy·

214 4347 276 4408 11111
292 4357 402 4411 obiitne
422 4356 528 4409 minenl
548 4355 597 4408 sve
617 4373 633 4408 o
653 4354 868 4423 naboienslryeh
888 4353 1020 4407 stranach
1040 4352 1162 4420 deskich
1181 4352 1262 4419 podle
1275 4352 1352 4412 toh0,
1368 4350 1415 4418 jak
1435 4367 1482 4403 mu
1492 4348 1520 4416 je
1535 4334 1649 4402 Sleehta

215 4433 356 4512 brlvytttit.
378 4442 448 4497 Vlce
467 4442 519 4496 nei
534 4441 653 4509 jakekoli
680 4442 780 4510 llimky
798 4441 858 4509 vlry
877 4440 938 4492 vall
962 4457 1008 4493 mu
1028 4447 1170 4493 mravnost
1188 4437 1287 4491 iivota.
1317 4438 1435 4507 Jednota
1453 4454 1471 4488 v
1489 4437 1577 4490 clrlrvi
1593 4435 1650 4505 jest

214 4537 250 4577 ¹¹¹⁰
264 4532 328 4584 nade
347 4534 398 4583 vie
417 4548 434 4583 a
452 4531 470 4582 lc
488 4530 569 4582 hlave
589 4529 682 4582 cirlrve
701 4528 803 4581 diuino
822 4528 883 4581 mlti
902 4527 1095 4588 shovlvavost;
1121 4527 1164 4580 ale
1183 4525 1270 4594 papei
1289 4524 1434 4593 Eugenius
1453 4524 1516 4577 take
1536 4525 1585 4592 pri
1603 4540 1650 4592 po·

214 4609 287 4682 chybit
309 4618 476 4687 nepotvrdiv
500 4617 670 4686 kompalrtat,
695 4633 748 4669 ano
774 4614 912 4683 plijlmitnl
938 4616 992 4684 pod
1018 4612 1093 4680 obojl
1113 4620 1287 4667 ustanoveno
1309 4611 1364 4680 jest
1390 4612 1510 4664 Kristem
1531 4611 1648 4679 sampm.

213 4696 297 4758 lltnent
314 4705 406 4759 Brutti
426 4723 442 4757 o
463 4703 633 4773 neplatnosti
652 4702 770 4756 avatoatl
789 4702 937 4770 udllenych
963 4700 1084 4753 kneilmi
1109 4699 1279 4770 nehodnymi
1303 4700 1444 4752 rozhodne
1469 4699 1579 4760 zamlta,
1606 4697 1649 4750 ale

214 4791 361 4846 nottettvt
380 4793 470 4861 ptimo
489 4791 767 4861 protilrlestanskym,
787 4789 818 4842 ie
837 4790 907 4842 sami
926 4788 981 4841 voli
1000 4789 1022 4840 si
1043 4787 1123 4840 kneii
1142 4805 1158 4838 a
1177 4786 1296 4856 biskupy
1315 4787 1360 4838 ani
1374 4786 1406 4838 ie
1420 4784 1536 4854 vyblraji
1550 4786 1566 4837 k
1580 4784 1649 4836 hod·

213 4879 270 4931 nosti
292 4882 319 4934 te
338 4879 387 4933 lidi
407 4880 544 4940 neudene,
560 4878 653 4946 jsouli
678 4877 765 4929 tolilro
789 4876 914 4929 zvolenci
939 4875 1032 4929 hodni.
1069 4874 1264 4927 Zanedbavant
1289 4873 1394 4926 obladd
1420 4872 1535 4925 neklade
1561 4872 1648 4924 hrube

213 5016 403 5031 *h--m

283 5092 301 5158 ¹)
319 5088 500 5143 Prostlednllr
520 5087 591 5139 mezi
611 5088 755 5139 Erasmem
775 5102 791 5137 a
811 5070 944 5137 Slechtou
963 5084 1013 5136 zde
1032 5084 1146 5153 mineny'
1166 5084 1218 5135 slul
1232 5081 1438 5148 humanisticlry
1456 5079 1551 5148 Justus
1564 5079 1649 5148 Jonas

208 5178 317 5233 rvlastne
341 5177 402 5246 Jost
426 5174 505 5227 Koch
530 5193 554 5226 v.
574 5174 777 5235 Nordhausen),
803 5189 819 5224 a
844 5171 890 5240 byl
915 5171 949 5223 od
975 5187 995 5223 r.
1024 5169 1091 5222 1517
1116 5170 1246 5223 uditelem
1274 5187 1309 5222 na
1329 5168 1479 5221 universtte
1498 5166 1649 5220 Erfurtslre.

199 5264 241 5334 Jta
258 5262 338 5332 leiel
357 5261 537 5315 humanismu
555 5278 572 5314 a
590 5260 750 5329 opravnych
769 5261 838 5311 anah
857 5259 1049 5327 Erasmovy'ch
1068 5258 1150 5325 vydal
1170 5275 1200 5310 se
1219 5257 1287 5310 roku
1310 5255 1376 5308 1519
1396 5273 1431 5308 na
1443 5263 1512 5324 pout
1530 5255 1546 5306 k
1566 5256 1649 5306 nemu

198 5354 230 5407 do
248 5350 444 5404 Nizozemslra.
463 5347 560 5404 Tenet
578 5349 646 5400 roku
664 5348 716 5416 pali
735 5346 833 5400 zvolen
853 5347 990 5399 rektorem
1010 5344 1164 5412 university
1184 5344 1283 5413 Μοῖς’.

244 5465 347 5506 sutrin
370 5459 531 5514 pumentv.
554 5459 735 5511 Slrupinndrubt.
760 5449 853 5499 Ctsloil.
1510 5464 1527 5511 6
