<?xml version="1.0" encoding="UTF-8"?>
<!DOCTYPE html PUBLIC "-//W3C//DTD XHTML 1.0 Transitional//EN"
    "http://www.w3.org/TR/xhtml1/DTD/xhtml1-transitional.dtd">
<html xmlns="http://www.w3.org/1999/xhtml" xml:lang="en" lang="en">
 <head>
  <title>
</title>
<meta http-equiv="Content-Type" content="text/html;charset=utf-8" />
  <meta name='ocr-system' content='tesseract 3.04.00' />
  <meta name='ocr-capabilities' content='ocr_page ocr_carea ocr_par ocr_line ocrx_word'/>
</head>
<body>
  <div class='ocr_page' id='page_1' title='image "./dvalistehumanis00vegoog_0092.png"; bbox 0 0 3652 5858; ppageno 0'>
   <div class='ocr_carea' id='block_1_1' title="bbox 538 388 1544 471">
    <p class='ocr_par' dir='ltr' id='par_1_1' title="bbox 538 388 1544 471">
     <span class='ocr_line' id='line_1_1' title="bbox 538 388 1544 471; baseline 0.002 -17"><span class='ocrx_word' id='word_1_1' title='bbox 538 403 588 471; x_wconf 90' lang='lat' dir='ltr'>Jan</span> <span class='ocrx_word' id='word_1_2' title='bbox 607 388 720 456; x_wconf 67' lang='lat' dir='ltr'>Sleehta</span> <span class='ocrx_word' id='word_1_3' title='bbox 744 401 825 456; x_wconf 71' lang='lat' dir='ltr'>lmezi</span> <span class='ocrx_word' id='word_1_4' title='bbox 844 402 993 470; x_wconf 82' lang='lat' dir='ltr'>Ondlejovi</span> <span class='ocrx_word' id='word_1_5' title='bbox 1014 401 1088 459; x_wconf 43' lang='lat'>1518,</span> <span class='ocrx_word' id='word_1_6' title='bbox 1509 402 1544 456; x_wconf 74' lang='grc'>73</span> 
     </span>
    </p>
   </div>
   <div class='ocr_carea' id='block_1_2' title="bbox 85 612 1586 5177">
    <p class='ocr_par' dir='ltr' id='par_1_2' title="bbox 85 612 1586 5177">
     <span class='ocr_line' id='line_1_2' title="bbox 86 612 1542 695; baseline 0.001 -19"><span class='ocrx_word' id='word_1_7' title='bbox 86 614 289 694; x_wconf 76' lang='lat' dir='ltr'>discipulus«</span> <span class='ocrx_word' id='word_1_8' title='bbox 317 613 393 674; x_wconf 93' lang='lat' dir='ltr'>Non</span> <span class='ocrx_word' id='word_1_9' title='bbox 415 632 548 692; x_wconf 88' lang='lat' dir='ltr'>parvam</span> <span class='ocrx_word' id='word_1_10' title='bbox 564 612 708 694; x_wconf 89' lang='lat' dir='ltr'>profecto</span> <span class='ocrx_word' id='word_1_11' title='bbox 731 633 800 676; x_wconf 88' lang='lat' dir='ltr'>rem</span> <span class='ocrx_word' id='word_1_12' title='bbox 815 615 841 674; x_wconf 90' lang='lat' dir='ltr'>is</span> <span class='ocrx_word' id='word_1_13' title='bbox 856 613 1050 694; x_wconf 81' lang='lat' dir='ltr'>adgreditur,</span> <span class='ocrx_word' id='word_1_14' title='bbox 1074 616 1128 695; x_wconf 92' lang='lat' dir='ltr'>qui</span> <span class='ocrx_word' id='word_1_15' title='bbox 1144 617 1340 692; x_wconf 89' lang='lat' dir='ltr'>contemptis</span> <span class='ocrx_word' id='word_1_16' title='bbox 1355 615 1542 688; x_wconf 90' lang='lat' dir='ltr'>honoribus,</span> 
     </span>
     <span class='ocr_line' id='line_1_3' title="bbox 85 717 1541 801; baseline 0.002 -23"><span class='ocrx_word' id='word_1_17' title='bbox 85 718 302 801; x_wconf 82' lang='lat' dir='ltr'>dignitatibus,</span> <span class='ocrx_word' id='word_1_18' title='bbox 326 717 449 791; x_wconf 92' lang='lat' dir='ltr'>divitiis,</span> <span class='ocrx_word' id='word_1_19' title='bbox 473 719 666 796; x_wconf 90' lang='lat' dir='ltr'>parentibus,</span> <span class='ocrx_word' id='word_1_20' title='bbox 689 719 844 800; x_wconf 75' lang='lat' dir='ltr'>cognatis</span> <span class='ocrx_word' id='word_1_21' title='bbox 867 719 985 792; x_wconf 90' lang='lat' dir='ltr'>amicis,</span> <span class='ocrx_word' id='word_1_22' title='bbox 1009 720 1106 780; x_wconf 90' lang='lat' dir='ltr'>rebus</span> <span class='ocrx_word' id='word_1_23' title='bbox 1128 719 1268 800; x_wconf 90' lang='lat' dir='ltr'>denique</span> <span class='ocrx_word' id='word_1_24' title='bbox 1291 718 1441 781; x_wconf 90' lang='lat' dir='ltr'>omnibus</span> <span class='ocrx_word' id='word_1_25' title='bbox 1465 739 1541 800; x_wconf 90' lang='lat' dir='ltr'>pau·</span> 
     </span>
     <span class='ocr_line' id='line_1_4' title="bbox 86 819 1542 902; baseline 0.002 -20"><span class='ocrx_word' id='word_1_26' title='bbox 86 842 197 902; x_wconf 91' lang='lat' dir='ltr'>perem</span> <span class='ocrx_word' id='word_1_27' title='bbox 228 819 389 885; x_wconf 84' lang='lat' dir='ltr'>Christum</span> <span class='ocrx_word' id='word_1_28' title='bbox 420 839 545 902; x_wconf 86' lang='lat' dir='ltr'>pauper</span> <span class='ocrx_word' id='word_1_29' title='bbox 567 824 722 902; x_wconf 89' lang='lat' dir='ltr'>sequitur,</span> <span class='ocrx_word' id='word_1_30' title='bbox 754 832 789 883; x_wconf 93' lang='lat' dir='ltr'>ut</span> <span class='ocrx_word' id='word_1_31' title='bbox 811 841 871 900; x_wconf 94' lang='lat' dir='ltr'>pro</span> <span class='ocrx_word' id='word_1_32' title='bbox 894 820 990 883; x_wconf 90' lang='lat' dir='ltr'>rebus</span> <span class='ocrx_word' id='word_1_33' title='bbox 1017 823 1159 897; x_wconf 86' lang='lat' dir='ltr'>terrenis,</span> <span class='ocrx_word' id='word_1_34' title='bbox 1189 822 1320 884; x_wconf 88' lang='lat' dir='ltr'>caducis</span> <span class='ocrx_word' id='word_1_35' title='bbox 1342 832 1374 884; x_wconf 89' lang='lat' dir='ltr'>et</span> <span class='ocrx_word' id='word_1_36' title='bbox 1398 841 1542 885; x_wconf 90' lang='lat' dir='ltr'>momen·</span> 
     </span>
     <span class='ocr_line' id='line_1_5' title="bbox 86 923 1541 1005; baseline 0.001 -17"><span class='ocrx_word' id='word_1_37' title='bbox 86 928 189 988; x_wconf 89' lang='lat' dir='ltr'>taneis</span> <span class='ocrx_word' id='word_1_38' title='bbox 212 937 377 988; x_wconf 86' lang='lat' dir='ltr'>aeternam</span> <span class='ocrx_word' id='word_1_39' title='bbox 408 923 641 988; x_wconf 88' lang='lat' dir='ltr'>beatitudinem</span> <span class='ocrx_word' id='word_1_40' title='bbox 665 925 810 987; x_wconf 91' lang='lat' dir='ltr'>incaelo</span> <span class='ocrx_word' id='word_1_41' title='bbox 843 936 1070 1005; x_wconf 87' lang='lat' dir='ltr'>consequatur.</span> <span class='ocrx_word' id='word_1_42' title='bbox 1109 924 1197 988; x_wconf 93' lang='lat' dir='ltr'>Nolo</span> <span class='ocrx_word' id='word_1_43' title='bbox 1228 935 1260 987; x_wconf 90' lang='lat' dir='ltr'>te</span> <span class='ocrx_word' id='word_1_44' title='bbox 1283 935 1392 988; x_wconf 90' lang='lat' dir='ltr'>tamen</span> <span class='ocrx_word' id='word_1_45' title='bbox 1415 928 1447 988; x_wconf 91' lang='lat' dir='ltr'>in</span> <span class='ocrx_word' id='word_1_46' title='bbox 1470 927 1541 1000; x_wconf 90' lang='lat' dir='ltr'>hoc,</span> 
     </span>
     <span class='ocr_line' id='line_1_6' title="bbox 86 1028 1580 1109; baseline -0.004 -17"><span class='ocrx_word' id='word_1_47' title='bbox 86 1031 202 1093; x_wconf 89' lang='lat' dir='ltr'>dilecte</span> <span class='ocrx_word' id='word_1_48' title='bbox 233 1039 332 1108; x_wconf 90' lang='lat' dir='ltr'>pater,</span> <span class='ocrx_word' id='word_1_49' title='bbox 362 1029 511 1109; x_wconf 91' lang='lat' dir='ltr'>decipias,</span> <span class='ocrx_word' id='word_1_50' title='bbox 539 1032 565 1091; x_wconf 94' lang='lat' dir='ltr'>si</span> <span class='ocrx_word' id='word_1_51' title='bbox 596 1031 694 1091; x_wconf 91' lang='lat' dir='ltr'>vitam</span> <span class='ocrx_word' id='word_1_52' title='bbox 725 1029 942 1091; x_wconf 87' lang='lat' dir='ltr'>heremiticam</span> <span class='ocrx_word' id='word_1_53' title='bbox 977 1048 1044 1090; x_wconf 90' lang='lat' dir='ltr'>rem</span> <span class='ocrx_word' id='word_1_54' title='bbox 1072 1028 1186 1105; x_wconf 92' lang='lat' dir='ltr'>levem,</span> <span class='ocrx_word' id='word_1_55' title='bbox 1216 1029 1340 1092; x_wconf 85' lang='lat' dir='ltr'>facilem</span> <span class='ocrx_word' id='word_1_56' title='bbox 1371 1042 1405 1092; x_wconf 93' lang='lat' dir='ltr'>et</span> <span class='ocrx_word' id='word_1_57' title='bbox 1427 1030 1541 1093; x_wconf 87' lang='lat' dir='ltr'>nullius</span> <span class='ocrx_word' id='word_1_58' title='bbox 1567 1046 1580 1086; x_wconf 76' lang='lat' dir='ltr'>a</span> 
     </span>
     <span class='ocr_line' id='line_1_7' title="bbox 86 1132 1541 1218; baseline 0 -22"><span class='ocrx_word' id='word_1_59' title='bbox 86 1137 205 1218; x_wconf 87' lang='lat' dir='ltr'>negotii</span> <span class='ocrx_word' id='word_1_60' title='bbox 227 1153 299 1196; x_wconf 90' lang='lat' dir='ltr'>esse</span> <span class='ocrx_word' id='word_1_61' title='bbox 322 1135 490 1195; x_wconf 87' lang='lat' dir='ltr'>arbitraris.</span> <span class='ocrx_word' id='word_1_62' title='bbox 515 1132 600 1196; x_wconf 92' lang='lat' dir='ltr'>Nam</span> <span class='ocrx_word' id='word_1_63' title='bbox 623 1135 768 1214; x_wconf 90' lang='lat' dir='ltr'>quamvis</span> <span class='ocrx_word' id='word_1_64' title='bbox 792 1132 963 1197; x_wconf 85' lang='lat' dir='ltr'>blanditias</span> <span class='ocrx_word' id='word_1_65' title='bbox 986 1133 1098 1196; x_wconf 91' lang='lat' dir='ltr'>mundi</span> <span class='ocrx_word' id='word_1_66' title='bbox 1114 1133 1217 1209; x_wconf 93' lang='lat' dir='ltr'>huius,</span> <span class='ocrx_word' id='word_1_67' title='bbox 1240 1152 1324 1214; x_wconf 91' lang='lat' dir='ltr'>quae</span> <span class='ocrx_word' id='word_1_68' title='bbox 1339 1136 1541 1215; x_wconf 85' lang='lat' dir='ltr'>potissintunt</span> 
     </span>
     <span class='ocr_line' id='line_1_8' title="bbox 86 1237 1542 1319; baseline 0 -18"><span class='ocrx_word' id='word_1_69' title='bbox 86 1242 118 1301; x_wconf 91' lang='lat' dir='ltr'>in</span> <span class='ocrx_word' id='word_1_70' title='bbox 141 1239 400 1319; x_wconf 90' lang='lat' dir='ltr'>concupiscentia</span> <span class='ocrx_word' id='word_1_71' title='bbox 422 1239 526 1300; x_wconf 90' lang='lat' dir='ltr'>carnis</span> <span class='ocrx_word' id='word_1_72' title='bbox 547 1248 580 1300; x_wconf 90' lang='lat' dir='ltr'>et</span> <span class='ocrx_word' id='word_1_73' title='bbox 602 1237 771 1300; x_wconf 90' lang='lat' dir='ltr'>oculorum</span> <span class='ocrx_word' id='word_1_74' title='bbox 794 1240 988 1299; x_wconf 88' lang='lat' dir='ltr'>constitutae</span> <span class='ocrx_word' id='word_1_75' title='bbox 1010 1248 1094 1311; x_wconf 92' lang='lat' dir='ltr'>sunt,</span> <span class='ocrx_word' id='word_1_76' title='bbox 1125 1241 1355 1319; x_wconf 90' lang='lat' dir='ltr'>contempsisti,</span> <span class='ocrx_word' id='word_1_77' title='bbox 1378 1240 1473 1300; x_wconf 85' lang='lat' dir='ltr'>crede</span> <span class='ocrx_word' id='word_1_78' title='bbox 1496 1252 1542 1301; x_wconf 91' lang='lat' dir='ltr'>ta-</span> 
     </span>
     <span class='ocr_line' id='line_1_9' title="bbox 86 1340 1540 1424; baseline 0.001 -20"><span class='ocrx_word' id='word_1_79' title='bbox 86 1363 161 1405; x_wconf 92' lang='lat' dir='ltr'>men</span> <span class='ocrx_word' id='word_1_80' title='bbox 184 1344 335 1424; x_wconf 90' lang='lat' dir='ltr'>expertis,</span> <span class='ocrx_word' id='word_1_81' title='bbox 359 1340 449 1422; x_wconf 92' lang='lat' dir='ltr'>quod</span> <span class='ocrx_word' id='word_1_82' title='bbox 472 1341 528 1404; x_wconf 92' lang='lat' dir='ltr'>tibi</span> <span class='ocrx_word' id='word_1_83' title='bbox 552 1361 628 1403; x_wconf 91' lang='lat' dir='ltr'>caro</span> <span class='ocrx_word' id='word_1_84' title='bbox 651 1359 717 1403; x_wconf 93' lang='lat' dir='ltr'>non</span> <span class='ocrx_word' id='word_1_85' title='bbox 740 1341 816 1404; x_wconf 94' lang='lat' dir='ltr'>levis</span> <span class='ocrx_word' id='word_1_86' title='bbox 839 1351 894 1404; x_wconf 95' lang='lat' dir='ltr'>aut</span> <span class='ocrx_word' id='word_1_87' title='bbox 910 1341 1166 1404; x_wconf 89' lang='lat' dir='ltr'>contemnendus</span> <span class='ocrx_word' id='word_1_88' title='bbox 1181 1342 1283 1404; x_wconf 87' lang='lat' dir='ltr'>hostis</span> <span class='ocrx_word' id='word_1_89' title='bbox 1306 1344 1459 1423; x_wconf 88' lang='lat' dir='ltr'>imprimis</span> <span class='ocrx_word' id='word_1_90' title='bbox 1483 1344 1540 1406; x_wconf 91' lang='lat' dir='ltr'>de·</span> 
     </span>
     <span class='ocr_line' id='line_1_10' title="bbox 86 1445 1543 1526; baseline 0.001 -17"><span class='ocrx_word' id='word_1_91' title='bbox 86 1447 256 1510; x_wconf 89' lang='lat' dir='ltr'>bellandus</span> <span class='ocrx_word' id='word_1_92' title='bbox 272 1456 303 1509; x_wconf 91' lang='lat' dir='ltr'>et</span> <span class='ocrx_word' id='word_1_93' title='bbox 319 1445 503 1509; x_wconf 89' lang='lat' dir='ltr'>domandus</span> <span class='ocrx_word' id='word_1_94' title='bbox 526 1447 592 1520; x_wconf 90' lang='lat' dir='ltr'>erit,</span> <span class='ocrx_word' id='word_1_95' title='bbox 616 1464 699 1526; x_wconf 93' lang='lat' dir='ltr'>quae</span> <span class='ocrx_word' id='word_1_96' title='bbox 722 1448 844 1526; x_wconf 90' lang='lat' dir='ltr'>spiritui</span> <span class='ocrx_word' id='word_1_97' title='bbox 867 1465 995 1525; x_wconf 89' lang='lat' dir='ltr'>semper</span> <span class='ocrx_word' id='word_1_98' title='bbox 1018 1446 1153 1509; x_wconf 88' lang='lat' dir='ltr'>adversa</span> <span class='ocrx_word' id='word_1_99' title='bbox 1176 1456 1207 1508; x_wconf 90' lang='lat' dir='ltr'>et</span> <span class='ocrx_word' id='word_1_100' title='bbox 1231 1451 1390 1510; x_wconf 90' lang='lat' dir='ltr'>contraria</span> <span class='ocrx_word' id='word_1_101' title='bbox 1413 1449 1543 1510; x_wconf 89' lang='lat' dir='ltr'>molitur</span> 
     </span>
     <span class='ocr_line' id='line_1_11' title="bbox 86 1548 1582 1631; baseline 0.001 -18"><span class='ocrx_word' id='word_1_102' title='bbox 86 1564 119 1614; x_wconf 92' lang='lat' dir='ltr'>et</span> <span class='ocrx_word' id='word_1_103' title='bbox 142 1551 269 1613; x_wconf 86' lang='lat' dir='ltr'>infinitis</span> <span class='ocrx_word' id='word_1_104' title='bbox 296 1570 371 1613; x_wconf 92' lang='lat' dir='ltr'>eum</span> <span class='ocrx_word' id='word_1_105' title='bbox 401 1549 598 1612; x_wconf 90' lang='lat' dir='ltr'>illusionibus</span> <span class='ocrx_word' id='word_1_106' title='bbox 620 1548 662 1610; x_wconf 93' lang='lat' dir='ltr'>ad</span> <span class='ocrx_word' id='word_1_107' title='bbox 686 1570 721 1612; x_wconf 91' lang='lat' dir='ltr'>se</span> <span class='ocrx_word' id='word_1_108' title='bbox 743 1551 868 1613; x_wconf 90' lang='lat' dir='ltr'>trahere</span> <span class='ocrx_word' id='word_1_109' title='bbox 895 1552 1011 1614; x_wconf 90' lang='lat' dir='ltr'>nititur.</span> <span class='ocrx_word' id='word_1_110' title='bbox 1041 1548 1140 1615; x_wconf 88' lang='lat' dir='ltr'>Cuius</span> <span class='ocrx_word' id='word_1_111' title='bbox 1163 1552 1401 1631; x_wconf 86' lang='lat' dir='ltr'>improbitatem</span> <span class='ocrx_word' id='word_1_112' title='bbox 1425 1551 1542 1615; x_wconf 89' lang='lat' dir='ltr'>Paulus</span> <span class='ocrx_word' id='word_1_113' title='bbox 1557 1566 1582 1608; x_wconf 74' lang='grc' dir='ltr'>ιο</span> 
     </span>
     <span class='ocr_line' id='line_1_12' title="bbox 86 1654 1542 1739; baseline 0.001 -21"><span class='ocrx_word' id='word_1_114' title='bbox 86 1661 163 1738; x_wconf 90' lang='lat' dir='ltr'>ipse,</span> <span class='ocrx_word' id='word_1_115' title='bbox 194 1675 250 1717; x_wconf 92' lang='lat' dir='ltr'>vas</span> <span class='ocrx_word' id='word_1_116' title='bbox 276 1654 447 1729; x_wconf 87' lang='lat' dir='ltr'>electionis,</span> <span class='ocrx_word' id='word_1_117' title='bbox 477 1672 542 1716; x_wconf 91' lang='lat' dir='ltr'>non</span> <span class='ocrx_word' id='word_1_118' title='bbox 573 1655 641 1715; x_wconf 91' lang='lat' dir='ltr'>sine</span> <span class='ocrx_word' id='word_1_119' title='bbox 671 1666 760 1718; x_wconf 91' lang='lat' dir='ltr'>certo</span> <span class='ocrx_word' id='word_1_120' title='bbox 790 1655 902 1718; x_wconf 92' lang='lat' dir='ltr'>dolore</span> <span class='ocrx_word' id='word_1_121' title='bbox 931 1665 1069 1730; x_wconf 86' lang='lat' dir='ltr'>accusat,</span> <span class='ocrx_word' id='word_1_122' title='bbox 1092 1655 1181 1736; x_wconf 90' lang='lat' dir='ltr'>quod</span> <span class='ocrx_word' id='word_1_123' title='bbox 1205 1657 1276 1739; x_wconf 87' lang='lat' dir='ltr'>lege</span> <span class='ocrx_word' id='word_1_124' title='bbox 1306 1659 1404 1735; x_wconf 91' lang='lat' dir='ltr'>ipsius</span> <span class='ocrx_word' id='word_1_125' title='bbox 1432 1660 1542 1719; x_wconf 88' lang='lat' dir='ltr'>astric-</span> 
     </span>
     <span class='ocr_line' id='line_1_13' title="bbox 85 1759 1543 1840; baseline 0.001 -18"><span class='ocrx_word' id='word_1_126' title='bbox 85 1772 138 1823; x_wconf 92' lang='lat' dir='ltr'>tus</span> <span class='ocrx_word' id='word_1_127' title='bbox 161 1778 227 1822; x_wconf 92' lang='lat' dir='ltr'>non</span> <span class='ocrx_word' id='word_1_128' title='bbox 249 1770 359 1840; x_wconf 91' lang='lat' dir='ltr'>posset</span> <span class='ocrx_word' id='word_1_129' title='bbox 383 1779 421 1821; x_wconf 88' lang='lat' dir='ltr'>ea</span> <span class='ocrx_word' id='word_1_130' title='bbox 444 1759 556 1833; x_wconf 89' lang='lat' dir='ltr'>facere,</span> <span class='ocrx_word' id='word_1_131' title='bbox 580 1777 664 1838; x_wconf 91' lang='lat' dir='ltr'>quae</span> <span class='ocrx_word' id='word_1_132' title='bbox 686 1759 788 1834; x_wconf 90' lang='lat' dir='ltr'>vellet,</span> <span class='ocrx_word' id='word_1_133' title='bbox 812 1759 871 1821; x_wconf 92' lang='lat' dir='ltr'>sed</span> <span class='ocrx_word' id='word_1_134' title='bbox 894 1778 979 1839; x_wconf 91' lang='lat' dir='ltr'>quae</span> <span class='ocrx_word' id='word_1_135' title='bbox 1002 1760 1109 1823; x_wconf 90' lang='lat' dir='ltr'>nollet.</span> <span class='ocrx_word' id='word_1_136' title='bbox 1145 1759 1279 1824; x_wconf 88' lang='lat' dir='ltr'>lnstabit</span> <span class='ocrx_word' id='word_1_137' title='bbox 1301 1762 1343 1822; x_wconf 92' lang='lat' dir='ltr'>ab</span> <span class='ocrx_word' id='word_1_138' title='bbox 1365 1761 1426 1822; x_wconf 92' lang='lat' dir='ltr'>alia</span> <span class='ocrx_word' id='word_1_139' title='bbox 1452 1771 1543 1840; x_wconf 87' lang='lat' dir='ltr'>parte</span> 
     </span>
     <span class='ocr_line' id='line_1_14' title="bbox 86 1863 1543 1944; baseline 0 -18"><span class='ocrx_word' id='word_1_140' title='bbox 86 1864 247 1939; x_wconf 90' lang='lat' dir='ltr'>diabolus,</span> <span class='ocrx_word' id='word_1_141' title='bbox 278 1865 379 1926; x_wconf 90' lang='lat' dir='ltr'>hostis</span> <span class='ocrx_word' id='word_1_142' title='bbox 407 1874 474 1926; x_wconf 92' lang='lat' dir='ltr'>tam</span> <span class='ocrx_word' id='word_1_143' title='bbox 504 1863 597 1938; x_wconf 88' lang='lat' dir='ltr'>ferus,</span> <span class='ocrx_word' id='word_1_144' title='bbox 625 1873 690 1925; x_wconf 92' lang='lat' dir='ltr'>tam</span> <span class='ocrx_word' id='word_1_145' title='bbox 721 1873 825 1939; x_wconf 72' lang='lat' dir='ltr'>atron,</span> <span class='ocrx_word' id='word_1_146' title='bbox 855 1873 923 1927; x_wconf 87' lang='lat' dir='ltr'>tam</span> <span class='ocrx_word' id='word_1_147' title='bbox 954 1864 1094 1944; x_wconf 91' lang='lat' dir='ltr'>denique</span> <span class='ocrx_word' id='word_1_148' title='bbox 1125 1863 1217 1942; x_wconf 88' lang='lat' dir='ltr'>vafer,</span> <span class='ocrx_word' id='word_1_149' title='bbox 1248 1863 1387 1940; x_wconf 90' lang='lat' dir='ltr'>callidus,</span> <span class='ocrx_word' id='word_1_150' title='bbox 1415 1864 1543 1927; x_wconf 90' lang='lat' dir='ltr'>fraudu-</span> 
     </span>
     <span class='ocr_line' id='line_1_15' title="bbox 85 1966 1542 2047; baseline -0.001 -16"><span class='ocrx_word' id='word_1_151' title='bbox 85 1969 193 2032; x_wconf 90' lang='lat' dir='ltr'>lentus</span> <span class='ocrx_word' id='word_1_152' title='bbox 225 1981 256 2033; x_wconf 91' lang='lat' dir='ltr'>et</span> <span class='ocrx_word' id='word_1_153' title='bbox 287 1967 431 2043; x_wconf 90' lang='lat' dir='ltr'>dolosus,</span> <span class='ocrx_word' id='word_1_154' title='bbox 463 1968 518 2047; x_wconf 95' lang='lat' dir='ltr'>qui</span> <span class='ocrx_word' id='word_1_155' title='bbox 548 1977 580 2029; x_wconf 92' lang='lat' dir='ltr'>te</span> <span class='ocrx_word' id='word_1_156' title='bbox 610 1966 696 2030; x_wconf 91' lang='lat' dir='ltr'>mille</span> <span class='ocrx_word' id='word_1_157' title='bbox 725 1969 854 2044; x_wconf 88' lang='lat' dir='ltr'>artibus,</span> <span class='ocrx_word' id='word_1_158' title='bbox 885 1967 970 2030; x_wconf 89' lang='lat' dir='ltr'>mille</span> <span class='ocrx_word' id='word_1_159' title='bbox 993 1967 1083 2043; x_wconf 80' lang='lat' dir='ltr'>dolis,</span> <span class='ocrx_word' id='word_1_160' title='bbox 1106 1970 1257 2045; x_wconf 87' lang='lat' dir='ltr'>versutiis,</span> <span class='ocrx_word' id='word_1_161' title='bbox 1278 1968 1415 2044; x_wconf 89' lang='lat' dir='ltr'>fallaciis,</span> <span class='ocrx_word' id='word_1_162' title='bbox 1437 1968 1542 2030; x_wconf 92' lang='lat' dir='ltr'>tendi-</span> 
     </span>
     <span class='ocr_line' id='line_1_16' title="bbox 87 2070 1584 2156; baseline 0.001 -21"><span class='ocrx_word' id='word_1_163' title='bbox 87 2075 167 2135; x_wconf 89' lang='lat' dir='ltr'>culis</span> <span class='ocrx_word' id='word_1_164' title='bbox 198 2085 229 2137; x_wconf 91' lang='lat' dir='ltr'>et</span> <span class='ocrx_word' id='word_1_165' title='bbox 259 2072 383 2154; x_wconf 90' lang='lat' dir='ltr'>laqueis</span> <span class='ocrx_word' id='word_1_166' title='bbox 414 2070 547 2156; x_wconf 85' lang='lat' dir='ltr'>adgredi</span> <span class='ocrx_word' id='word_1_167' title='bbox 576 2081 609 2134; x_wconf 90' lang='lat' dir='ltr'>et</span> <span class='ocrx_word' id='word_1_168' title='bbox 639 2074 868 2135; x_wconf 91' lang='lat' dir='ltr'>circumvenire</span> <span class='ocrx_word' id='word_1_169' title='bbox 897 2074 1073 2148; x_wconf 90' lang='lat' dir='ltr'>conabitur,</span> <span class='ocrx_word' id='word_1_170' title='bbox 1104 2084 1139 2136; x_wconf 93' lang='lat' dir='ltr'>ut</span> <span class='ocrx_word' id='word_1_171' title='bbox 1168 2082 1201 2135; x_wconf 88' lang='lat' dir='ltr'>te</span> <span class='ocrx_word' id='word_1_172' title='bbox 1230 2073 1403 2155; x_wconf 90' lang='lat' dir='ltr'>deceptum</span> <span class='ocrx_word' id='word_1_173' title='bbox 1429 2075 1542 2152; x_wconf 88' lang='lat' dir='ltr'>capiat,</span> <span class='ocrx_word' id='word_1_174' title='bbox 1557 2084 1584 2127; x_wconf 80' lang='lat'>15</span> 
     </span>
     <span class='ocr_line' id='line_1_17' title="bbox 86 2176 1541 2260; baseline -0.001 -21"><span class='ocrx_word' id='word_1_175' title='bbox 86 2189 220 2256; x_wconf 90' lang='lat' dir='ltr'>captum</span> <span class='ocrx_word' id='word_1_176' title='bbox 251 2178 421 2257; x_wconf 90' lang='lat' dir='ltr'>opprimat,</span> <span class='ocrx_word' id='word_1_177' title='bbox 451 2193 644 2254; x_wconf 92' lang='lat' dir='ltr'>oppressum</span> <span class='ocrx_word' id='word_1_178' title='bbox 678 2176 805 2238; x_wconf 92' lang='lat' dir='ltr'>ditionis</span> <span class='ocrx_word' id='word_1_179' title='bbox 835 2186 868 2238; x_wconf 92' lang='lat' dir='ltr'>et</span> <span class='ocrx_word' id='word_1_180' title='bbox 898 2178 973 2239; x_wconf 93' lang='lat' dir='ltr'>iuris</span> <span class='ocrx_word' id='word_1_181' title='bbox 1003 2179 1052 2239; x_wconf 91' lang='lat' dir='ltr'>sui</span> <span class='ocrx_word' id='word_1_182' title='bbox 1075 2177 1176 2241; x_wconf 89' lang='lat' dir='ltr'>faciat.</span> <span class='ocrx_word' id='word_1_183' title='bbox 1207 2176 1300 2258; x_wconf 86' lang='lat' dir='ltr'>Quae</span> <span class='ocrx_word' id='word_1_184' title='bbox 1331 2196 1441 2260; x_wconf 86' lang='lat' dir='ltr'>pugna</span> <span class='ocrx_word' id='word_1_185' title='bbox 1466 2196 1541 2239; x_wconf 89' lang='lat' dir='ltr'>curn</span> 
     </span>
     <span class='ocr_line' id='line_1_18' title="bbox 86 2278 1543 2364; baseline -0.001 -20"><span class='ocrx_word' id='word_1_186' title='bbox 86 2292 225 2363; x_wconf 90' lang='lat' dir='ltr'>utroque</span> <span class='ocrx_word' id='word_1_187' title='bbox 255 2282 347 2342; x_wconf 89' lang='lat' dir='ltr'>hoste</span> <span class='ocrx_word' id='word_1_188' title='bbox 377 2300 443 2343; x_wconf 93' lang='lat' dir='ltr'>non</span> <span class='ocrx_word' id='word_1_189' title='bbox 474 2278 579 2343; x_wconf 91' lang='lat' dir='ltr'>solum</span> <span class='ocrx_word' id='word_1_190' title='bbox 610 2279 668 2342; x_wconf 89' lang='lat' dir='ltr'>tibi</span> <span class='ocrx_word' id='word_1_191' title='bbox 698 2279 886 2361; x_wconf 90' lang='lat' dir='ltr'>quotidiana</span> <span class='ocrx_word' id='word_1_192' title='bbox 917 2280 976 2341; x_wconf 91' lang='lat' dir='ltr'>sed</span> <span class='ocrx_word' id='word_1_193' title='bbox 1002 2283 1100 2344; x_wconf 91' lang='lat' dir='ltr'>etiam</span> <span class='ocrx_word' id='word_1_194' title='bbox 1132 2292 1286 2363; x_wconf 90' lang='lat' dir='ltr'>perpetua</span> <span class='ocrx_word' id='word_1_195' title='bbox 1316 2282 1386 2344; x_wconf 90' lang='lat' dir='ltr'>erit.</span> <span class='ocrx_word' id='word_1_196' title='bbox 1426 2280 1543 2364; x_wconf 88' lang='lat' dir='ltr'>Magna</span> 
     </span>
     <span class='ocr_line' id='line_1_19' title="bbox 86 2383 1545 2467; baseline -0.001 -19"><span class='ocrx_word' id='word_1_197' title='bbox 86 2387 144 2448; x_wconf 94' lang='lat' dir='ltr'>tibi</span> <span class='ocrx_word' id='word_1_198' title='bbox 177 2386 268 2467; x_wconf 88' lang='lat' dir='ltr'>igitur</span> <span class='ocrx_word' id='word_1_199' title='bbox 298 2385 405 2447; x_wconf 92' lang='lat' dir='ltr'>cautio</span> <span class='ocrx_word' id='word_1_200' title='bbox 436 2404 473 2446; x_wconf 92' lang='lat' dir='ltr'>ac</span> <span class='ocrx_word' id='word_1_201' title='bbox 496 2402 623 2446; x_wconf 88' lang='lat' dir='ltr'>summa</span> <span class='ocrx_word' id='word_1_202' title='bbox 650 2384 814 2466; x_wconf 86' lang='lat' dir='ltr'>diligentia</span> <span class='ocrx_word' id='word_1_203' title='bbox 844 2383 993 2446; x_wconf 88' lang='lat' dir='ltr'>habenda</span> <span class='ocrx_word' id='word_1_204' title='bbox 1015 2387 1083 2461; x_wconf 88' lang='lat' dir='ltr'>erit,</span> <span class='ocrx_word' id='word_1_205' title='bbox 1115 2394 1149 2447; x_wconf 93' lang='lat' dir='ltr'>ut</span> <span class='ocrx_word' id='word_1_206' title='bbox 1171 2404 1239 2447; x_wconf 77' lang='lat' dir='ltr'>:am</span> <span class='ocrx_word' id='word_1_207' title='bbox 1262 2386 1408 2466; x_wconf 88' lang='lat' dir='ltr'>fortibus,</span> <span class='ocrx_word' id='word_1_208' title='bbox 1431 2388 1545 2448; x_wconf 88' lang='lat' dir='ltr'>astutis</span> 
     </span>
     <span class='ocr_line' id='line_1_20' title="bbox 86 2488 1545 2568; baseline -0.001 -16"><span class='ocrx_word' id='word_1_209' title='bbox 86 2502 120 2552; x_wconf 91' lang='lat' dir='ltr'>et</span> <span class='ocrx_word' id='word_1_210' title='bbox 150 2491 331 2551; x_wconf 88' lang='lat' dir='ltr'>exercitatis</span> <span class='ocrx_word' id='word_1_211' title='bbox 360 2489 515 2563; x_wconf 92' lang='lat' dir='ltr'>hostibus,</span> <span class='ocrx_word' id='word_1_212' title='bbox 551 2489 702 2550; x_wconf 89' lang='lat' dir='ltr'>omnibus</span> <span class='ocrx_word' id='word_1_213' title='bbox 735 2498 902 2568; x_wconf 91' lang='lat' dir='ltr'>postremo</span> <span class='ocrx_word' id='word_1_214' title='bbox 936 2488 1018 2551; x_wconf 88' lang='lat' dir='ltr'>dolis</span> <span class='ocrx_word' id='word_1_215' title='bbox 1048 2491 1219 2568; x_wconf 90' lang='lat' dir='ltr'>instructis,</span> <span class='ocrx_word' id='word_1_216' title='bbox 1248 2493 1394 2552; x_wconf 92' lang='lat' dir='ltr'>resistere</span> <span class='ocrx_word' id='word_1_217' title='bbox 1423 2501 1454 2553; x_wconf 92' lang='lat' dir='ltr'>et</span> <span class='ocrx_word' id='word_1_218' title='bbox 1486 2509 1545 2551; x_wconf 92' lang='lat' dir='ltr'>eos</span> 
     </span>
     <span class='ocr_line' id='line_1_21' title="bbox 86 2590 1585 2674; baseline -0.003 -18"><span class='ocrx_word' id='word_1_219' title='bbox 86 2614 238 2674; x_wconf 88' lang='lat' dir='ltr'>superare</span> <span class='ocrx_word' id='word_1_220' title='bbox 270 2612 378 2674; x_wconf 91' lang='lat' dir='ltr'>queas.</span> <span class='ocrx_word' id='word_1_221' title='bbox 416 2590 592 2673; x_wconf 88' lang='lat' dir='ltr'>Superabis</span> <span class='ocrx_word' id='word_1_222' title='bbox 624 2602 736 2655; x_wconf 87' lang='lat' dir='ltr'>autem</span> <span class='ocrx_word' id='word_1_223' title='bbox 769 2592 869 2655; x_wconf 94' lang='lat' dir='ltr'>dubio</span> <span class='ocrx_word' id='word_1_224' title='bbox 904 2593 1025 2673; x_wconf 91' lang='lat' dir='ltr'>procul,</span> <span class='ocrx_word' id='word_1_225' title='bbox 1055 2595 1080 2653; x_wconf 92' lang='lat' dir='ltr'>si</span> <span class='ocrx_word' id='word_1_226' title='bbox 1111 2612 1243 2655; x_wconf 90' lang='lat' dir='ltr'>omnem</span> <span class='ocrx_word' id='word_1_227' title='bbox 1276 2612 1377 2674; x_wconf 91' lang='lat' dir='ltr'>spem,</span> <span class='ocrx_word' id='word_1_228' title='bbox 1412 2607 1585 2655; x_wconf 79' lang='lat' dir='ltr'>omnemtn</span> 
     </span>
     <span class='ocr_line' id='line_1_22' title="bbox 86 2694 1544 2779; baseline -0.003 -17"><span class='ocrx_word' id='word_1_229' title='bbox 86 2701 227 2779; x_wconf 92' lang='lat' dir='ltr'>denique</span> <span class='ocrx_word' id='word_1_230' title='bbox 249 2698 480 2762; x_wconf 88' lang='lat' dir='ltr'>confidentiam</span> <span class='ocrx_word' id='word_1_231' title='bbox 502 2706 594 2760; x_wconf 88' lang='lat' dir='ltr'>tuam</span> <span class='ocrx_word' id='word_1_232' title='bbox 617 2699 648 2760; x_wconf 94' lang='lat' dir='ltr'>in</span> <span class='ocrx_word' id='word_1_233' title='bbox 673 2695 801 2761; x_wconf 90' lang='lat' dir='ltr'>Christo</span> <span class='ocrx_word' id='word_1_234' title='bbox 821 2695 897 2777; x_wconf 91' lang='lat' dir='ltr'>Jesu</span> <span class='ocrx_word' id='word_1_235' title='bbox 920 2694 1089 2760; x_wconf 87' lang='lat' dir='ltr'>Servatore</span> <span class='ocrx_word' id='word_1_236' title='bbox 1111 2707 1224 2760; x_wconf 92' lang='lat' dir='ltr'>nostro</span> <span class='ocrx_word' id='word_1_237' title='bbox 1248 2696 1430 2773; x_wconf 69' lang='lat' dir='ltr'>collocabis</span> <span class='ocrx_word' id='word_1_238' title='bbox 1457 2698 1544 2759; x_wconf 90' lang='lat' dir='ltr'>etin</span> 
     </span>
     <span class='ocr_line' id='line_1_23' title="bbox 85 2800 1544 2884; baseline -0.004 -18"><span class='ocrx_word' id='word_1_239' title='bbox 85 2806 230 2866; x_wconf 88' lang='lat' dir='ltr'>animum</span> <span class='ocrx_word' id='word_1_240' title='bbox 253 2802 419 2865; x_wconf 88' lang='lat' dir='ltr'>revocabis</span> <span class='ocrx_word' id='word_1_241' title='bbox 442 2800 687 2864; x_wconf 88' lang='lat' dir='ltr'>amaritudinem</span> <span class='ocrx_word' id='word_1_242' title='bbox 711 2804 822 2863; x_wconf 90' lang='lat' dir='ltr'>mortis</span> <span class='ocrx_word' id='word_1_243' title='bbox 853 2809 886 2863; x_wconf 91' lang='lat' dir='ltr'>et</span> <span class='ocrx_word' id='word_1_244' title='bbox 909 2802 1066 2880; x_wconf 90' lang='lat' dir='ltr'>passionis</span> <span class='ocrx_word' id='word_1_245' title='bbox 1089 2803 1167 2876; x_wconf 79' lang='lat' dir='ltr'>eiuS,</span> <span class='ocrx_word' id='word_1_246' title='bbox 1200 2804 1308 2881; x_wconf 90' lang='lat' dir='ltr'>quiin</span> <span class='ocrx_word' id='word_1_247' title='bbox 1332 2801 1418 2884; x_wconf 90' lang='lat' dir='ltr'>ligno</span> <span class='ocrx_word' id='word_1_248' title='bbox 1442 2802 1544 2864; x_wconf 89' lang='lat' dir='ltr'>crucis</span> 
     </span>
     <span class='ocr_line' id='line_1_24' title="bbox 88 2904 1544 2987; baseline -0.004 -17"><span class='ocrx_word' id='word_1_249' title='bbox 88 2908 235 2987; x_wconf 90' lang='lat' dir='ltr'>pendens</span> <span class='ocrx_word' id='word_1_250' title='bbox 257 2907 394 2970; x_wconf 90' lang='lat' dir='ltr'>salutem</span> <span class='ocrx_word' id='word_1_251' title='bbox 416 2917 560 2968; x_wconf 88' lang='lat' dir='ltr'>nostram</span> <span class='ocrx_word' id='word_1_252' title='bbox 577 2913 730 2985; x_wconf 87' lang='lat' dir='ltr'>operatus</span> <span class='ocrx_word' id='word_1_253' title='bbox 746 2917 803 2979; x_wconf 92' lang='lat' dir='ltr'>est,</span> <span class='ocrx_word' id='word_1_254' title='bbox 826 2904 987 2968; x_wconf 90' lang='lat' dir='ltr'>redimens</span> <span class='ocrx_word' id='word_1_255' title='bbox 1011 2925 1071 2967; x_wconf 92' lang='lat' dir='ltr'>nos</span> <span class='ocrx_word' id='word_1_256' title='bbox 1094 2907 1249 2987; x_wconf 87' lang='lat' dir='ltr'>sanguine</span> <span class='ocrx_word' id='word_1_257' title='bbox 1264 2925 1325 2967; x_wconf 93' lang='lat' dir='ltr'>suo</span> <span class='ocrx_word' id='word_1_258' title='bbox 1342 2915 1374 2969; x_wconf 90' lang='lat' dir='ltr'>et</span> <span class='ocrx_word' id='word_1_259' title='bbox 1397 2907 1427 2966; x_wconf 93' lang='lat' dir='ltr'>in</span> <span class='ocrx_word' id='word_1_260' title='bbox 1451 2906 1544 2966; x_wconf 89' lang='lat' dir='ltr'>hoste</span> 
     </span>
     <span class='ocr_line' id='line_1_25' title="bbox 86 3008 1544 3095; baseline -0.003 -21"><span class='ocrx_word' id='word_1_261' title='bbox 86 3014 214 3095; x_wconf 84' lang='lat' dir='ltr'>generis</span> <span class='ocrx_word' id='word_1_262' title='bbox 243 3012 375 3074; x_wconf 88' lang='lat' dir='ltr'>humani</span> <span class='ocrx_word' id='word_1_263' title='bbox 401 3010 602 3091; x_wconf 91' lang='lat' dir='ltr'>triumphans</span> <span class='ocrx_word' id='word_1_264' title='bbox 632 3009 726 3071; x_wconf 93' lang='lat' dir='ltr'>nobis</span> <span class='ocrx_word' id='word_1_265' title='bbox 757 3008 905 3083; x_wconf 88' lang='lat' dir='ltr'>ostendit,</span> <span class='ocrx_word' id='word_1_266' title='bbox 929 3009 1099 3089; x_wconf 91' lang='lat' dir='ltr'>quomodo</span> <span class='ocrx_word' id='word_1_267' title='bbox 1130 3012 1292 3072; x_wconf 88' lang='lat' dir='ltr'>imitantes</span> <span class='ocrx_word' id='word_1_268' title='bbox 1318 3019 1351 3073; x_wconf 91' lang='lat' dir='ltr'>et</span> <span class='ocrx_word' id='word_1_269' title='bbox 1373 3017 1544 3090; x_wconf 89' lang='lat' dir='ltr'>sequentes</span> 
     </span>
     <span class='ocr_line' id='line_1_26' title="bbox 86 3111 1585 3198; baseline -0.008 -19"><span class='ocrx_word' id='word_1_270' title='bbox 86 3121 195 3198; x_wconf 91' lang='lat' dir='ltr'>ipsum</span> <span class='ocrx_word' id='word_1_271' title='bbox 218 3114 379 3178; x_wconf 88' lang='lat' dir='ltr'>debellare</span> <span class='ocrx_word' id='word_1_272' title='bbox 403 3114 569 3178; x_wconf 91' lang='lat' dir='ltr'>diabolum</span> <span class='ocrx_word' id='word_1_273' title='bbox 592 3122 625 3176; x_wconf 88' lang='lat' dir='ltr'>et</span> <span class='ocrx_word' id='word_1_274' title='bbox 648 3114 774 3174; x_wconf 90' lang='lat' dir='ltr'>vincere</span> <span class='ocrx_word' id='word_1_275' title='bbox 797 3113 985 3175; x_wconf 89' lang='lat' dir='ltr'>debeamus.</span> <span class='ocrx_word' id='word_1_276' title='bbox 1016 3111 1123 3175; x_wconf 88' lang='lat' dir='ltr'>Armis</span> <span class='ocrx_word' id='word_1_277' title='bbox 1145 3115 1240 3196; x_wconf 91' lang='lat' dir='ltr'>igitur</span> <span class='ocrx_word' id='word_1_278' title='bbox 1261 3122 1337 3175; x_wconf 90' lang='lat' dir='ltr'>ante</span> <span class='ocrx_word' id='word_1_279' title='bbox 1359 3114 1544 3174; x_wconf 88' lang='lat' dir='ltr'>memoratis</span> <span class='ocrx_word' id='word_1_280' title='bbox 1557 3124 1585 3167; x_wconf 75' lang='lat' dir='ltr'>so</span> 
     </span>
     <span class='ocr_line' id='line_1_27' title="bbox 87 3216 1545 3300; baseline -0.004 -17"><span class='ocrx_word' id='word_1_281' title='bbox 87 3223 231 3283; x_wconf 90' lang='lat' dir='ltr'>munitus</span> <span class='ocrx_word' id='word_1_282' title='bbox 254 3220 400 3283; x_wconf 91' lang='lat' dir='ltr'>hostibus</span> <span class='ocrx_word' id='word_1_283' title='bbox 423 3220 486 3281; x_wconf 92' lang='lat' dir='ltr'>tuis</span> <span class='ocrx_word' id='word_1_284' title='bbox 509 3216 713 3300; x_wconf 66' lang='lat' dir='ltr'>repugnabis</span> <span class='ocrx_word' id='word_1_285' title='bbox 743 3217 805 3279; x_wconf 91' lang='lat' dir='ltr'>hoc</span> <span class='ocrx_word' id='word_1_286' title='bbox 828 3226 877 3280; x_wconf 92' lang='lat' dir='ltr'>est</span> <span class='ocrx_word' id='word_1_287' title='bbox 901 3218 1019 3300; x_wconf 89' lang='lat' dir='ltr'>vigiliis,</span> <span class='ocrx_word' id='word_1_288' title='bbox 1050 3220 1170 3280; x_wconf 89' lang='lat' dir='ltr'>ieiuniis</span> <span class='ocrx_word' id='word_1_289' title='bbox 1193 3226 1226 3280; x_wconf 91' lang='lat' dir='ltr'>et</span> <span class='ocrx_word' id='word_1_290' title='bbox 1249 3217 1446 3280; x_wconf 91' lang='lat' dir='ltr'>orationibus</span> <span class='ocrx_word' id='word_1_291' title='bbox 1468 3218 1545 3279; x_wconf 90' lang='lat' dir='ltr'>assi·</span> 
     </span>
     <span class='ocr_line' id='line_1_28' title="bbox 86 3321 1544 3404; baseline -0.004 -18"><span class='ocrx_word' id='word_1_292' title='bbox 86 3325 169 3401; x_wconf 92' lang='lat' dir='ltr'>duis,</span> <span class='ocrx_word' id='word_1_293' title='bbox 192 3333 359 3404; x_wconf 92' lang='lat' dir='ltr'>praeterea</span> <span class='ocrx_word' id='word_1_294' title='bbox 381 3322 558 3385; x_wconf 88' lang='lat' dir='ltr'>divinarum</span> <span class='ocrx_word' id='word_1_295' title='bbox 581 3325 808 3403; x_wconf 88' lang='lat' dir='ltr'>scripturarum</span> <span class='ocrx_word' id='word_1_296' title='bbox 840 3321 997 3402; x_wconf 78' lang='lat' dir='ltr'>frequenti</span> <span class='ocrx_word' id='word_1_297' title='bbox 1020 3332 1090 3384; x_wconf 90' lang='lat' dir='ltr'>tum</span> <span class='ocrx_word' id='word_1_298' title='bbox 1112 3321 1250 3385; x_wconf 89' lang='lat' dir='ltr'>lectione</span> <span class='ocrx_word' id='word_1_299' title='bbox 1273 3333 1343 3384; x_wconf 87' lang='lat' dir='ltr'>tunt</span> <span class='ocrx_word' id='word_1_300' title='bbox 1366 3321 1544 3383; x_wconf 91' lang='lat' dir='ltr'>earundem</span> 
     </span>
     <span class='ocr_line' id='line_1_29' title="bbox 88 3425 1544 3506; baseline -0.003 -15"><span class='ocrx_word' id='word_1_301' title='bbox 88 3429 308 3503; x_wconf 86' lang='lat' dir='ltr'>meditatione,</span> <span class='ocrx_word' id='word_1_302' title='bbox 338 3427 520 3490; x_wconf 88' lang='lat' dir='ltr'>cuiusmodi</span> <span class='ocrx_word' id='word_1_303' title='bbox 543 3436 705 3489; x_wconf 88' lang='lat' dir='ltr'>armatura</span> <span class='ocrx_word' id='word_1_304' title='bbox 728 3435 760 3488; x_wconf 92' lang='lat' dir='ltr'>et</span> <span class='ocrx_word' id='word_1_305' title='bbox 782 3437 873 3489; x_wconf 88' lang='lat' dir='ltr'>scuto</span> <span class='ocrx_word' id='word_1_306' title='bbox 897 3425 994 3487; x_wconf 92' lang='lat' dir='ltr'>divini</span> <span class='ocrx_word' id='word_1_307' title='bbox 1016 3425 1166 3506; x_wconf 83' lang='lat' dir='ltr'>praesidii</span> <span class='ocrx_word' id='word_1_308' title='bbox 1197 3437 1300 3488; x_wconf 90' lang='lat' dir='ltr'>tectus</span> <span class='ocrx_word' id='word_1_309' title='bbox 1323 3425 1413 3487; x_wconf 89' lang='lat' dir='ltr'>facile</span> <span class='ocrx_word' id='word_1_310' title='bbox 1434 3425 1544 3487; x_wconf 92' lang='lat' dir='ltr'>talium</span> 
     </span>
     <span class='ocr_line' id='line_1_30' title="bbox 86 3528 1545 3610; baseline -0.003 -14"><span class='ocrx_word' id='word_1_311' title='bbox 86 3535 230 3596; x_wconf 89' lang='lat' dir='ltr'>hostium</span> <span class='ocrx_word' id='word_1_312' title='bbox 247 3533 398 3595; x_wconf 86' lang='lat' dir='ltr'>ferociam</span> <span class='ocrx_word' id='word_1_313' title='bbox 414 3541 446 3595; x_wconf 93' lang='lat' dir='ltr'>et</span> <span class='ocrx_word' id='word_1_314' title='bbox 462 3550 576 3594; x_wconf 91' lang='lat' dir='ltr'>omnes</span> <span class='ocrx_word' id='word_1_315' title='bbox 599 3550 712 3594; x_wconf 91' lang='lat' dir='ltr'>eorum</span> <span class='ocrx_word' id='word_1_316' title='bbox 735 3529 873 3592; x_wconf 86' lang='lat' dir='ltr'>fallacias</span> <span class='ocrx_word' id='word_1_317' title='bbox 896 3549 1047 3609; x_wconf 89' lang='lat' dir='ltr'>superare</span> <span class='ocrx_word' id='word_1_318' title='bbox 1069 3538 1102 3592; x_wconf 87' lang='lat' dir='ltr'>et</span> <span class='ocrx_word' id='word_1_319' title='bbox 1125 3529 1281 3591; x_wconf 85' lang='lat' dir='ltr'>declinare</span> <span class='ocrx_word' id='word_1_320' title='bbox 1303 3531 1432 3610; x_wconf 88' lang='lat' dir='ltr'>poteris.</span> <span class='ocrx_word' id='word_1_321' title='bbox 1455 3528 1488 3594; x_wconf 89' lang='lat' dir='ltr'>Si</span> <span class='ocrx_word' id='word_1_322' title='bbox 1511 3540 1545 3593; x_wconf 87' lang='lat' dir='ltr'>te</span> 
     </span>
     <span class='ocr_line' id='line_1_31' title="bbox 87 3634 1584 3711; baseline -0.003 -12"><span class='ocrx_word' id='word_1_323' title='bbox 87 3646 199 3700; x_wconf 91' lang='lat' dir='ltr'>autem</span> <span class='ocrx_word' id='word_1_324' title='bbox 215 3634 369 3710; x_wconf 89' lang='lat' dir='ltr'>desidem,</span> <span class='ocrx_word' id='word_1_325' title='bbox 393 3637 542 3709; x_wconf 87' lang='lat' dir='ltr'>otiosum,</span> <span class='ocrx_word' id='word_1_326' title='bbox 558 3634 798 3696; x_wconf 90' lang='lat' dir='ltr'>somnolentum</span> <span class='ocrx_word' id='word_1_327' title='bbox 814 3643 845 3697; x_wconf 88' lang='lat' dir='ltr'>et</span> <span class='ocrx_word' id='word_1_328' title='bbox 862 3653 921 3696; x_wconf 92' lang='lat' dir='ltr'>ceu</span> <span class='ocrx_word' id='word_1_329' title='bbox 938 3636 1137 3710; x_wconf 86' lang='lat' dir='ltr'>oscitantem,</span> <span class='ocrx_word' id='word_1_330' title='bbox 1152 3634 1214 3697; x_wconf 90' lang='lat' dir='ltr'>hoc</span> <span class='ocrx_word' id='word_1_331' title='bbox 1237 3644 1286 3695; x_wconf 89' lang='lat' dir='ltr'>est</span> <span class='ocrx_word' id='word_1_332' title='bbox 1301 3634 1465 3711; x_wconf 89' lang='lat' dir='ltr'>inermem,</span> <span class='ocrx_word' id='word_1_333' title='bbox 1489 3634 1544 3696; x_wconf 90' lang='lat' dir='ltr'>de·</span> <span class='ocrx_word' id='word_1_334' title='bbox 1556 3652 1584 3695; x_wconf 81' lang='lat' dir='ltr'>ao</span> 
     </span>
     <span class='ocr_line' id='line_1_32' title="bbox 87 3739 1545 3821; baseline -0.001 -20"><span class='ocrx_word' id='word_1_335' title='bbox 87 3740 300 3821; x_wconf 89' lang='lat' dir='ltr'>prehendant,</span> <span class='ocrx_word' id='word_1_336' title='bbox 322 3742 400 3802; x_wconf 90' lang='lat' dir='ltr'>time</span> <span class='ocrx_word' id='word_1_337' title='bbox 423 3749 455 3803; x_wconf 90' lang='lat' dir='ltr'>et</span> <span class='ocrx_word' id='word_1_338' title='bbox 478 3759 564 3813; x_wconf 90' lang='lat' dir='ltr'>cave,</span> <span class='ocrx_word' id='word_1_339' title='bbox 586 3757 628 3800; x_wconf 89' lang='lat' dir='ltr'>ne</span> <span class='ocrx_word' id='word_1_340' title='bbox 651 3740 682 3799; x_wconf 92' lang='lat' dir='ltr'>in</span> <span class='ocrx_word' id='word_1_341' title='bbox 706 3758 821 3801; x_wconf 91' lang='lat' dir='ltr'>manus</span> <span class='ocrx_word' id='word_1_342' title='bbox 856 3758 969 3801; x_wconf 91' lang='lat' dir='ltr'>eorum</span> <span class='ocrx_word' id='word_1_343' title='bbox 993 3740 1160 3817; x_wconf 91' lang='lat' dir='ltr'>pervenias</span> <span class='ocrx_word' id='word_1_344' title='bbox 1184 3747 1216 3801; x_wconf 92' lang='lat' dir='ltr'>et</span> <span class='ocrx_word' id='word_1_345' title='bbox 1239 3741 1316 3821; x_wconf 90' lang='lat' dir='ltr'>iugo</span> <span class='ocrx_word' id='word_1_346' title='bbox 1339 3757 1452 3800; x_wconf 91' lang='lat' dir='ltr'>eorum</span> <span class='ocrx_word' id='word_1_347' title='bbox 1470 3739 1545 3800; x_wconf 93' lang='lat' dir='ltr'>sub-</span> 
     </span>
     <span class='ocr_line' id='line_1_33' title="bbox 87 3841 1544 3924; baseline -0.002 -18"><span class='ocrx_word' id='word_1_348' title='bbox 87 3846 199 3920; x_wconf 86' lang='lat' dir='ltr'>iciatis,</span> <span class='ocrx_word' id='word_1_349' title='bbox 227 3853 403 3923; x_wconf 90' lang='lat' dir='ltr'>perpetuae</span> <span class='ocrx_word' id='word_1_350' title='bbox 426 3844 640 3905; x_wconf 89' lang='lat' dir='ltr'>damnationis</span> <span class='ocrx_word' id='word_1_351' title='bbox 662 3843 848 3905; x_wconf 91' lang='lat' dir='ltr'>vilissimum</span> <span class='ocrx_word' id='word_1_352' title='bbox 871 3844 1067 3924; x_wconf 90' lang='lat' dir='ltr'>mancipium</span> <span class='ocrx_word' id='word_1_353' title='bbox 1090 3841 1226 3906; x_wconf 83' lang='lat' dir='ltr'>futurus</span> <span class='ocrx_word' id='word_1_354' title='bbox 1257 3841 1434 3923; x_wconf 89' lang='lat' dir='ltr'>Nunquam</span> <span class='ocrx_word' id='word_1_355' title='bbox 1459 3844 1544 3904; x_wconf 90' lang='lat' dir='ltr'>enirn</span> 
     </span>
     <span class='ocr_line' id='line_1_34' title="bbox 88 3946 1545 4029; baseline -0.001 -20"><span class='ocrx_word' id='word_1_356' title='bbox 88 3950 149 4027; x_wconf 91' lang='lat' dir='ltr'>ipsi</span> <span class='ocrx_word' id='word_1_357' title='bbox 179 3949 221 4011; x_wconf 95' lang='lat' dir='ltr'>ad</span> <span class='ocrx_word' id='word_1_358' title='bbox 244 3956 278 4010; x_wconf 97' lang='lat' dir='ltr'>te</span> <span class='ocrx_word' id='word_1_359' title='bbox 301 3946 474 4009; x_wconf 90' lang='lat' dir='ltr'>fallendum</span> <span class='ocrx_word' id='word_1_360' title='bbox 506 3957 538 4010; x_wconf 93' lang='lat' dir='ltr'>et</span> <span class='ocrx_word' id='word_1_361' title='bbox 562 3946 830 4027; x_wconf 89' lang='lat' dir='ltr'>prosternendum</span> <span class='ocrx_word' id='word_1_362' title='bbox 854 3946 1026 4026; x_wconf 87' lang='lat' dir='ltr'>dormiunt,</span> <span class='ocrx_word' id='word_1_363' title='bbox 1055 3947 1113 4009; x_wconf 92' lang='lat' dir='ltr'>sed</span> <span class='ocrx_word' id='word_1_364' title='bbox 1144 3949 1339 4010; x_wconf 90' lang='lat' dir='ltr'>incessanter</span> <span class='ocrx_word' id='word_1_365' title='bbox 1361 3948 1490 4029; x_wconf 89' lang='lat' dir='ltr'>vigilant</span> <span class='ocrx_word' id='word_1_366' title='bbox 1512 3954 1545 4008; x_wconf 94' lang='lat' dir='ltr'>et</span> 
     </span>
     <span class='ocr_line' id='line_1_35' title="bbox 88 4041 1546 4132; baseline -0.001 -18"><span class='ocrx_word' id='word_1_367' title='bbox 88 4041 181 4132; x_wconf 84' lang='lat' dir='ltr'>quasi</span> <span class='ocrx_word' id='word_1_368' title='bbox 205 4072 264 4131; x_wconf 94' lang='lat' dir='ltr'>pro</span> <span class='ocrx_word' id='word_1_369' title='bbox 287 4052 399 4114; x_wconf 89' lang='lat' dir='ltr'>castris</span> <span class='ocrx_word' id='word_1_370' title='bbox 421 4050 464 4114; x_wconf 93' lang='lat' dir='ltr'>ad</span> <span class='ocrx_word' id='word_1_371' title='bbox 487 4062 519 4113; x_wconf 91' lang='lat' dir='ltr'>te</span> <span class='ocrx_word' id='word_1_372' title='bbox 542 4050 735 4131; x_wconf 91' lang='lat' dir='ltr'>capiendum</span> <span class='ocrx_word' id='word_1_373' title='bbox 759 4062 791 4113; x_wconf 92' lang='lat' dir='ltr'>et</span> <span class='ocrx_word' id='word_1_374' title='bbox 814 4051 1016 4132; x_wconf 91' lang='lat' dir='ltr'>perdendum</span> <span class='ocrx_word' id='word_1_375' title='bbox 1040 4051 1212 4114; x_wconf 87' lang='lat' dir='ltr'>excubant.</span> <span class='ocrx_word' id='word_1_376' title='bbox 1237 4049 1270 4114; x_wconf 88' lang='lat' dir='ltr'>Si</span> <span class='ocrx_word' id='word_1_377' title='bbox 1293 4062 1325 4115; x_wconf 92' lang='lat' dir='ltr'>te</span> <span class='ocrx_word' id='word_1_378' title='bbox 1346 4062 1456 4114; x_wconf 88' lang='lat' dir='ltr'>autem</span> <span class='ocrx_word' id='word_1_379' title='bbox 1479 4050 1546 4113; x_wconf 90' lang='lat' dir='ltr'>Do·</span> 
     </span>
     <span class='ocr_line' id='line_1_36' title="bbox 89 4154 1586 4237; baseline -0.003 -20"><span class='ocrx_word' id='word_1_380' title='bbox 89 4158 195 4217; x_wconf 92' lang='lat' dir='ltr'>minus</span> <span class='ocrx_word' id='word_1_381' title='bbox 217 4167 345 4218; x_wconf 92' lang='lat' dir='ltr'>strenue</span> <span class='ocrx_word' id='word_1_382' title='bbox 367 4165 400 4218; x_wconf 90' lang='lat' dir='ltr'>et</span> <span class='ocrx_word' id='word_1_383' title='bbox 422 4154 548 4217; x_wconf 89' lang='lat' dir='ltr'>viriliter</span> <span class='ocrx_word' id='word_1_384' title='bbox 570 4166 769 4237; x_wconf 91' lang='lat' dir='ltr'>pugnantem</span> <span class='ocrx_word' id='word_1_385' title='bbox 792 4167 904 4218; x_wconf 92' lang='lat' dir='ltr'>contra</span> <span class='ocrx_word' id='word_1_386' title='bbox 920 4167 986 4218; x_wconf 90' lang='lat' dir='ltr'>tarn</span> <span class='ocrx_word' id='word_1_387' title='bbox 1002 4158 1160 4219; x_wconf 89' lang='lat' dir='ltr'>immanes</span> <span class='ocrx_word' id='word_1_388' title='bbox 1175 4167 1206 4219; x_wconf 92' lang='lat' dir='ltr'>et</span> <span class='ocrx_word' id='word_1_389' title='bbox 1222 4157 1420 4236; x_wconf 88' lang='lat' dir='ltr'>perniciosos</span> <span class='ocrx_word' id='word_1_390' title='bbox 1436 4155 1586 4218; x_wconf 74' lang='lat' dir='ltr'>hostesne</span> 
     </span>
     <span class='ocr_line' id='line_1_37' title="bbox 89 4258 1545 4343; baseline -0.001 -20"><span class='ocrx_word' id='word_1_391' title='bbox 89 4262 284 4343; x_wconf 89' lang='lat' dir='ltr'>cognoverit,</span> <span class='ocrx_word' id='word_1_392' title='bbox 308 4258 372 4321; x_wconf 92' lang='lat' dir='ltr'>noli</span> <span class='ocrx_word' id='word_1_393' title='bbox 396 4260 552 4335; x_wconf 90' lang='lat' dir='ltr'>dubitare,</span> <span class='ocrx_word' id='word_1_394' title='bbox 583 4278 684 4341; x_wconf 92' lang='lat' dir='ltr'>quum</span> <span class='ocrx_word' id='word_1_395' title='bbox 714 4261 770 4323; x_wconf 92' lang='lat' dir='ltr'>tibi</span> <span class='ocrx_word' id='word_1_396' title='bbox 801 4279 928 4322; x_wconf 87' lang='lat' dir='ltr'>summa</span> <span class='ocrx_word' id='word_1_397' title='bbox 961 4263 1134 4323; x_wconf 88' lang='lat' dir='ltr'>necessitas</span> <span class='ocrx_word' id='word_1_398' title='bbox 1164 4261 1327 4323; x_wconf 90' lang='lat' dir='ltr'>incumbet</span> <span class='ocrx_word' id='word_1_399' title='bbox 1354 4260 1436 4342; x_wconf 77' lang='lat' dir='ltr'>(sic),</span> <span class='ocrx_word' id='word_1_400' title='bbox 1468 4261 1545 4340; x_wconf 92' lang='lat' dir='ltr'>quin</span> 
     </span>
     <span class='ocr_line' id='line_1_38' title="bbox 90 4361 1545 4445; baseline -0.001 -20"><span class='ocrx_word' id='word_1_401' title='bbox 90 4364 148 4425; x_wconf 90' lang='lat' dir='ltr'>tibi</span> <span class='ocrx_word' id='word_1_402' title='bbox 162 4365 379 4445; x_wconf 91' lang='lat' dir='ltr'>suppetiatum</span> <span class='ocrx_word' id='word_1_403' title='bbox 389 4361 413 4445; x_wconf 88' lang='lat'>¹)</span> <span class='ocrx_word' id='word_1_404' title='bbox 437 4366 551 4438; x_wconf 89' lang='lat' dir='ltr'>veniat,</span> <span class='ocrx_word' id='word_1_405' title='bbox 572 4367 716 4444; x_wconf 90' lang='lat' dir='ltr'>viresque</span> <span class='ocrx_word' id='word_1_406' title='bbox 732 4383 831 4426; x_wconf 89' lang='lat' dir='ltr'>novas</span> <span class='ocrx_word' id='word_1_407' title='bbox 848 4373 880 4425; x_wconf 90' lang='lat' dir='ltr'>et</span> <span class='ocrx_word' id='word_1_408' title='bbox 895 4366 1038 4426; x_wconf 90' lang='lat' dir='ltr'>animum</span> <span class='ocrx_word' id='word_1_409' title='bbox 1053 4366 1174 4443; x_wconf 82' lang='lat' dir='ltr'>virilem</span> <span class='ocrx_word' id='word_1_410' title='bbox 1197 4364 1406 4439; x_wconf 89' lang='lat' dir='ltr'>administret,</span> <span class='ocrx_word' id='word_1_411' title='bbox 1428 4364 1545 4444; x_wconf 92' lang='lat' dir='ltr'>quibus</span> 
     </span>
     <span class='ocr_line' id='line_1_39' title="bbox 92 4467 1544 4548; baseline -0.001 -18"><span class='ocrx_word' id='word_1_412' title='bbox 92 4479 126 4530; x_wconf 91' lang='lat' dir='ltr'>tu</span> <span class='ocrx_word' id='word_1_413' title='bbox 157 4468 321 4530; x_wconf 90' lang='lat' dir='ltr'>robustior</span> <span class='ocrx_word' id='word_1_414' title='bbox 351 4467 485 4530; x_wconf 89' lang='lat' dir='ltr'>effectus</span> <span class='ocrx_word' id='word_1_415' title='bbox 515 4469 624 4531; x_wconf 91' lang='lat' dir='ltr'>omnia</span> <span class='ocrx_word' id='word_1_416' title='bbox 654 4468 717 4530; x_wconf 93' lang='lat' dir='ltr'>tela</span> <span class='ocrx_word' id='word_1_417' title='bbox 740 4479 772 4530; x_wconf 92' lang='lat' dir='ltr'>et</span> <span class='ocrx_word' id='word_1_418' title='bbox 795 4467 899 4530; x_wconf 90' lang='lat' dir='ltr'>iacula</span> <span class='ocrx_word' id='word_1_419' title='bbox 922 4487 1036 4530; x_wconf 92' lang='lat' dir='ltr'>eorum</span> <span class='ocrx_word' id='word_1_420' title='bbox 1059 4488 1183 4531; x_wconf 91' lang='lat' dir='ltr'>veneno</span> <span class='ocrx_word' id='word_1_421' title='bbox 1218 4471 1317 4530; x_wconf 91' lang='lat' dir='ltr'>tincta</span> <span class='ocrx_word' id='word_1_422' title='bbox 1341 4469 1465 4548; x_wconf 87' lang='lat' dir='ltr'>absque</span> <span class='ocrx_word' id='word_1_423' title='bbox 1488 4488 1544 4529; x_wconf 83' lang='lat' dir='ltr'>ne·</span> 
     </span>
     <span class='ocr_line' id='line_1_40' title="bbox 92 4572 1544 4655; baseline -0.001 -21"><span class='ocrx_word' id='word_1_424' title='bbox 92 4573 183 4653; x_wconf 85' lang='lat' dir='ltr'>gotio</span> <span class='ocrx_word' id='word_1_425' title='bbox 206 4573 389 4655; x_wconf 90' lang='lat' dir='ltr'>confringes</span> <span class='ocrx_word' id='word_1_426' title='bbox 412 4584 444 4634; x_wconf 92' lang='lat' dir='ltr'>et</span> <span class='ocrx_word' id='word_1_427' title='bbox 466 4574 562 4634; x_wconf 90' lang='lat' dir='ltr'>armis</span> <span class='ocrx_word' id='word_1_428' title='bbox 585 4582 703 4634; x_wconf 84' lang='lat' dir='ltr'>exutos</span> <span class='ocrx_word' id='word_1_429' title='bbox 725 4584 922 4651; x_wconf 88' lang='lat' dir='ltr'>prosternes,</span> <span class='ocrx_word' id='word_1_430' title='bbox 945 4584 1125 4651; x_wconf 92' lang='lat' dir='ltr'>prostratos</span> <span class='ocrx_word' id='word_1_431' title='bbox 1149 4573 1362 4636; x_wconf 91' lang='lat' dir='ltr'>conculcabis.</span> <span class='ocrx_word' id='word_1_432' title='bbox 1391 4572 1465 4635; x_wconf 90' lang='lat' dir='ltr'>Hoc</span> <span class='ocrx_word' id='word_1_433' title='bbox 1488 4575 1544 4636; x_wconf 92' lang='lat' dir='ltr'>tibi</span> 
     </span>
     <span class='ocr_line' id='line_1_41' title="bbox 91 4676 1586 4759; baseline -0.003 -21"><span class='ocrx_word' id='word_1_434' title='bbox 91 4685 200 4738; x_wconf 89' lang='lat' dir='ltr'>tamen</span> <span class='ocrx_word' id='word_1_435' title='bbox 223 4695 323 4738; x_wconf 92' lang='lat' dir='ltr'>unum</span> <span class='ocrx_word' id='word_1_436' title='bbox 351 4679 523 4758; x_wconf 87' lang='lat' dir='ltr'>praecipue</span> <span class='ocrx_word' id='word_1_437' title='bbox 554 4676 733 4739; x_wconf 88' lang='lat' dir='ltr'>curandum</span> <span class='ocrx_word' id='word_1_438' title='bbox 763 4687 795 4737; x_wconf 91' lang='lat' dir='ltr'>et</span> <span class='ocrx_word' id='word_1_439' title='bbox 826 4676 993 4739; x_wconf 91' lang='lat' dir='ltr'>vitandum</span> <span class='ocrx_word' id='word_1_440' title='bbox 1017 4695 1143 4752; x_wconf 91' lang='lat' dir='ltr'>cense0,</span> <span class='ocrx_word' id='word_1_441' title='bbox 1175 4696 1225 4754; x_wconf 92' lang='lat' dir='ltr'>ne,</span> <span class='ocrx_word' id='word_1_442' title='bbox 1248 4696 1349 4759; x_wconf 92' lang='lat' dir='ltr'>quum</span> <span class='ocrx_word' id='word_1_443' title='bbox 1373 4687 1586 4758; x_wconf 78' lang='lat' dir='ltr'>utrumqueto</span> 
     </span>
     <span class='ocr_line' id='line_1_42' title="bbox 93 4780 1545 4862; baseline 0 -20"><span class='ocrx_word' id='word_1_444' title='bbox 93 4780 219 4845; x_wconf 91' lang='lat' dir='ltr'>hostem</span> <span class='ocrx_word' id='word_1_445' title='bbox 242 4780 350 4843; x_wconf 93' lang='lat' dir='ltr'>divino</span> <span class='ocrx_word' id='word_1_446' title='bbox 372 4782 495 4844; x_wconf 88' lang='lat' dir='ltr'>auxilio</span> <span class='ocrx_word' id='word_1_447' title='bbox 519 4782 619 4845; x_wconf 88' lang='lat' dir='ltr'>fretus</span> <span class='ocrx_word' id='word_1_448' title='bbox 642 4783 841 4861; x_wconf 87' lang='lat' dir='ltr'>superaveris</span> <span class='ocrx_word' id='word_1_449' title='bbox 863 4790 895 4843; x_wconf 91' lang='lat' dir='ltr'>et</span> <span class='ocrx_word' id='word_1_450' title='bbox 918 4782 1027 4844; x_wconf 91' lang='lat' dir='ltr'>omnia</span> <span class='ocrx_word' id='word_1_451' title='bbox 1050 4801 1150 4862; x_wconf 92' lang='lat' dir='ltr'>opera</span> <span class='ocrx_word' id='word_1_452' title='bbox 1173 4783 1310 4844; x_wconf 90' lang='lat' dir='ltr'>iustitiae</span> <span class='ocrx_word' id='word_1_453' title='bbox 1326 4783 1545 4862; x_wconf 88' lang='lat' dir='ltr'>compleveris,</span> 
     </span>
     <span class='ocr_line' id='line_1_43' title="bbox 93 4884 1544 4966; baseline 0.001 -20"><span class='ocrx_word' id='word_1_454' title='bbox 93 4887 124 4946; x_wconf 93' lang='lat' dir='ltr'>in</span> <span class='ocrx_word' id='word_1_455' title='bbox 146 4884 196 4946; x_wconf 92' lang='lat' dir='ltr'>his</span> <span class='ocrx_word' id='word_1_456' title='bbox 219 4885 276 4947; x_wconf 90' lang='lat' dir='ltr'>tibi</span> <span class='ocrx_word' id='word_1_457' title='bbox 299 4884 437 4965; x_wconf 74' lang='lat' dir='ltr'>placeas</span> <span class='ocrx_word' id='word_1_458' title='bbox 461 4896 616 4966; x_wconf 90' lang='lat' dir='ltr'>tanquam</span> <span class='ocrx_word' id='word_1_459' title='bbox 648 4885 727 4947; x_wconf 91' lang='lat' dir='ltr'>haec</span> <span class='ocrx_word' id='word_1_460' title='bbox 758 4895 813 4948; x_wconf 87' lang='lat' dir='ltr'>tua</span> <span class='ocrx_word' id='word_1_461' title='bbox 836 4887 951 4948; x_wconf 88' lang='lat' dir='ltr'>virtute</span> <span class='ocrx_word' id='word_1_462' title='bbox 974 4896 1086 4949; x_wconf 86' lang='lat' dir='ltr'>et·tuo</span> <span class='ocrx_word' id='word_1_463' title='bbox 1110 4884 1215 4948; x_wconf 88' lang='lat' dir='ltr'>Marte</span> <span class='ocrx_word' id='word_1_464' title='bbox 1237 4886 1380 4948; x_wconf 85' lang='lat' dir='ltr'>effeceris</span> <span class='ocrx_word' id='word_1_465' title='bbox 1404 4897 1435 4948; x_wconf 94' lang='lat' dir='ltr'>et</span> <span class='ocrx_word' id='word_1_466' title='bbox 1458 4906 1544 4948; x_wconf 88' lang='lat' dir='ltr'>asse-</span> 
     </span>
     <span class='ocr_line' id='line_1_44' title="bbox 95 4989 1544 5071; baseline 0.001 -20"><span class='ocrx_word' id='word_1_467' title='bbox 95 5000 212 5069; x_wconf 90' lang='lat' dir='ltr'>quutus</span> <span class='ocrx_word' id='word_1_468' title='bbox 228 4990 278 5064; x_wconf 88' lang='lat' dir='ltr'>sis,</span> <span class='ocrx_word' id='word_1_469' title='bbox 301 4999 513 5052; x_wconf 91' lang='lat' dir='ltr'>contemnens</span> <span class='ocrx_word' id='word_1_470' title='bbox 529 4989 589 5052; x_wconf 91' lang='lat' dir='ltr'>hac</span> <span class='ocrx_word' id='word_1_471' title='bbox 605 5009 702 5053; x_wconf 86' lang='lat' dir='ltr'>causa</span> <span class='ocrx_word' id='word_1_472' title='bbox 717 4989 796 5051; x_wconf 91' lang='lat' dir='ltr'>alios</span> <span class='ocrx_word' id='word_1_473' title='bbox 813 5001 969 5071; x_wconf 88' lang='lat' dir='ltr'>tanquam</span> <span class='ocrx_word' id='word_1_474' title='bbox 987 4991 1120 5071; x_wconf 85' lang='lat' dir='ltr'>ignavos</span> <span class='ocrx_word' id='word_1_475' title='bbox 1136 5000 1169 5053; x_wconf 90' lang='lat' dir='ltr'>et</span> <span class='ocrx_word' id='word_1_476' title='bbox 1184 4990 1333 5071; x_wconf 92' lang='lat' dir='ltr'>torpidos</span> <span class='ocrx_word' id='word_1_477' title='bbox 1357 4991 1544 5065; x_wconf 86' lang='lat' dir='ltr'>luctatores;</span> 
     </span>
     <span class='ocr_line' id='line_1_45' title="bbox 94 5093 1545 5177; baseline 0.001 -25"><span class='ocrx_word' id='word_1_478' title='bbox 94 5094 271 5176; x_wconf 87' lang='lat' dir='ltr'>cogitaque,</span> <span class='ocrx_word' id='word_1_479' title='bbox 302 5093 379 5174; x_wconf 90' lang='lat' dir='ltr'>quid</span> <span class='ocrx_word' id='word_1_480' title='bbox 409 5096 577 5177; x_wconf 87' lang='lat' dir='ltr'>contigerit</span> <span class='ocrx_word' id='word_1_481' title='bbox 609 5095 651 5156; x_wconf 92' lang='lat' dir='ltr'>illi</span> <span class='ocrx_word' id='word_1_482' title='bbox 674 5094 871 5158; x_wconf 86' lang='lat' dir='ltr'>laetabundo</span> <span class='ocrx_word' id='word_1_483' title='bbox 903 5094 1081 5170; x_wconf 89' lang='lat' dir='ltr'>Pharisaeo,</span> <span class='ocrx_word' id='word_1_484' title='bbox 1116 5096 1169 5175; x_wconf 93' lang='lat' dir='ltr'>qui</span> <span class='ocrx_word' id='word_1_485' title='bbox 1201 5104 1412 5157; x_wconf 91' lang='lat' dir='ltr'>contemnens</span> <span class='ocrx_word' id='word_1_486' title='bbox 1442 5093 1545 5174; x_wconf 82' lang='lat' dir='ltr'>phbli-</span> 
     </span>
    </p>
   </div>
   <div class='ocr_carea' id='block_1_3' title="bbox 181 5316 964 5386">
    <p class='ocr_par' dir='ltr' id='par_1_3' title="bbox 181 5316 964 5386">
     <span class='ocr_line' id='line_1_46' title="bbox 181 5316 964 5386; baseline -0.001 -15"><span class='ocrx_word' id='word_1_487' title='bbox 181 5319 200 5384; x_wconf 85' lang='lat'>¹)</span> <span class='ocrx_word' id='word_1_488' title='bbox 218 5318 367 5386; x_wconf 87' lang='lat' dir='ltr'>Opraveno</span> <span class='ocrx_word' id='word_1_489' title='bbox 383 5316 461 5384; x_wconf 89' lang='lat' dir='ltr'>jinou</span> <span class='ocrx_word' id='word_1_490' title='bbox 479 5318 578 5371; x_wconf 87' lang='lat' dir='ltr'>rukou:</span> <span class='ocrx_word' id='word_1_491' title='bbox 597 5318 631 5370; x_wconf 88' lang='lat' dir='ltr'>ad</span> <span class='ocrx_word' id='word_1_492' title='bbox 651 5317 794 5371; x_wconf 87' lang='lat' dir='ltr'>ferendum</span> <span class='ocrx_word' id='word_1_493' title='bbox 813 5316 964 5385; x_wconf 83' lang='lat' dir='ltr'>suppetias.</span> 
     </span>
    </p>
   </div>
   <div class='ocr_carea' id='block_1_4' title="bbox 0 0 1842 5858">
    <p class='ocr_par' dir='ltr' id='par_1_4' title="bbox 0 0 1842 5858">
     <span class='ocr_line' id='line_1_47' title="bbox 0 0 1842 5858; baseline 0 0"><span class='ocrx_word' id='word_1_494' title='bbox 0 0 1842 5858; x_wconf 95' lang='lat' dir='ltr'> </span> 
     </span>
    </p>
   </div>
  </div>
 </body>
</html>
