3674 5858
167 420 179 439 v
201 400 237 454 32
716 401 834 471 Plsecky
851 403 922 472 Janu
942 401 1063 456 bakalali
1082 402 1157 455 lbilll.

203 613 415 693 provinciam,
433 633 499 675 non
515 632 582 694 quo
598 612 810 694 transfugam,
827 614 885 674 sed
902 626 1034 675 cautum
1051 613 1196 675 aemuler
1212 614 1459 696 negotiatorem,
1476 624 1513 674 ut
1528 613 1627 674 select

203 738 321 801 presso
345 737 384 779 ac
408 715 529 778 florido
553 715 684 778 dicendi
708 736 827 798 genere
850 718 935 794 huic,
958 737 1057 799 quam
1074 717 1150 779 mihi
1167 718 1215 779 vel
1233 737 1251 778 a
1268 717 1364 799 longe
1380 717 1522 780 salutare
1538 717 1627 778 vider

204 820 437 901 philosophiae
460 819 790 902 quantulumcunque
813 830 846 883 et
869 821 980 883 lumen
1003 832 1036 884 et
1058 822 1162 884 decus
1177 822 1305 884 adferre
1321 840 1440 902 queam
1456 820 1627 902 efficerequ

205 945 283 988 cum
314 925 411 988 huius
440 924 571 987 militiae
594 925 809 988 sacramentis
839 926 974 1006 perdius
1004 934 1038 987 et
1068 945 1206 1006 pernox,
1244 935 1403 1005 quantum
1433 927 1490 989 otii
1519 926 1627 988 dabitt

178 1040 324 1112 spectus
351 1029 543 1104 admoveto,
578 1038 615 1092 ut
644 1030 676 1091 in
706 1028 778 1091 talis
809 1029 991 1110 palaestrae
1020 1029 1184 1093 vestibulo
1218 1029 1333 1092 saltem
1368 1029 1507 1092 studiosi
1540 1048 1627 1091 nom«

205 1135 320 1197 tironis
344 1153 482 1210 merear,
504 1143 537 1195 et
560 1142 703 1195 vestram
727 1133 770 1195 de
794 1153 846 1195 me
870 1135 1059 1213 opinionem
1082 1154 1149 1196 non
1172 1133 1280 1197 solum
1299 1152 1447 1214 aequem,
1470 1133 1529 1195 sed
1555 1135 1627 1214 (qm

206 1239 330 1302 utinam
355 1237 442 1317 fiatl)
466 1237 564 1320 longe
585 1237 788 1299 antecellam.
827 1235 913 1299 Tum
937 1237 1016 1299 mihi
1039 1236 1178 1300 sortasse
1201 1237 1311 1299 licebit
1334 1257 1491 1312 mussare,
1521 1237 1579 1318 qui
1609 1257 1627 1298 n

207 1344 434 1425 Pythagoreae
457 1343 686 1406 taciturnitatis
709 1353 896 1406 contemno.
919 1341 1017 1405 Nunc
1040 1342 1137 1424 igitur
1160 1360 1262 1423 quum
1285 1342 1514 1417 aberraverim,
1536 1341 1627 1402 venia

207 1449 286 1511 mihi
301 1447 489 1509 habendam
506 1466 627 1526 posco:
643 1457 723 1509 tunc
739 1467 817 1510 vero
833 1449 904 1527 ipse
920 1447 1141 1527 praecludam,
1157 1447 1226 1525 ipse
1242 1445 1371 1526 negabo
1394 1445 1486 1521 Vale,
1499 1446 1627 1525 optimu

168 1568 194 1610 ro
207 1552 331 1633 patriae
354 1559 386 1611 et
410 1550 513 1612 robur
537 1558 569 1611 et
592 1550 704 1612 decus.
728 1550 834 1613 Datae
857 1549 979 1631 Pragae
1002 1551 1043 1612 ad
1068 1571 1084 1612 s
1119 1550 1300 1611 Henricum
1324 1549 1371 1611 Vl
1401 1549 1516 1611 Nonas
1533 1548 1627 1609 Febr·

208 1658 293 1719 arias
316 1652 413 1714 Anno
438 1653 497 1715 Ml.
521 1652 559 1714 D.
586 1651 642 1713 Vl.

911 2001 966 2063 lll.

390 2158 553 2233 Valclav
582 2157 765 2253 Piseckj'r
788 2158 897 2251 Janu
927 2157 1126 2243 bakalaii
1154 2156 1293 2230 uciteli
1322 2157 1483 2230 suemu.

299 2366 322 2418 l!
343 2367 441 2419 Prata
461 2364 572 2431 (1500)
593 2395 623 2402 -
645 2363 705 2418 20.
726 2358 842 2417 kvdtna.
862 2363 923 2431 Aby
942 2364 1054 2431 pollural
1073 2364 1210 2415 lilmavost
1226 2363 1293 2431 jeho
1312 2381 1328 2414 r
1347 2363 1520 2430 dopisovimi,
1540 2363 1627 2431 plder

209 2462 288 2506 tento
307 2451 432 2520 kraticlry'
451 2454 478 2518 (a
497 2466 545 2518 pro
564 2449 685 2516 tajemne
706 2449 825 2519 narallry
844 2451 908 2502 nim
930 2450 1177 2517 nesrozumiteluy')
1196 2450 1242 2502 list
1259 2467 1275 2502 a
1294 2450 1428 2518 plidihuje
1447 2452 1627 2503 versovankr

209 2539 299 2601 auaui,
316 2537 371 2607 aby
389 2538 515 2605 pohrdna
534 2537 649 2605 starymi
675 2537 777 2603 novy‘m
797 2536 909 2589 studiim
936 2536 1169 2604 humanisticlry‘m
1190 2555 1220 2589 se
1240 2537 1328 2588 oddal.
1359 2537 1438 2603 (List.
1458 2538 1514 2605 rlrp.
1534 2537 1585 2589 dls.
1604 2538 1627 2589 ll

299 2767 493 2829 Vinceslaus
518 2767 677 2828 Piscensis
700 2766 815 2847 Joanni
841 2766 1064 2842 baccalaureo,
1088 2766 1291 2846 praeceptori
1315 2786 1376 2827 suo
1400 2788 1424 2827 s.
1446 2786 1475 2846 p.
1500 2765 1531 2827 d.
1571 2765 1607 2829 Si

210 2872 307 2945 vales,
330 2892 392 2954 ego
415 2872 544 2934 studeo.
584 2869 695 2949 Quum
719 2890 771 2932 me
796 2871 856 2932 hac
880 2879 1077 2949 tempestate
1096 2870 1146 2931 vel
1170 2869 1265 2931 nullis
1288 2869 1337 2930 vel
1363 2869 1563 2931 brevissimis
1586 2869 1627 2931 all

210 2977 326 3058 queris¹
349 2976 499 3037 coniecto
524 2974 597 3035 hinc
622 2994 737 3036 omnes
766 2995 855 3036 meas
883 2975 941 3036 tibi
966 2975 1107 3036 directas
1136 2973 1292 3052 epistolas
1324 2992 1442 3054 magno
1466 2992 1539 3035 esse
1564 2993 1627 3035 one

173 3111 197 3150 17,
211 3081 290 3144 Silui
307 3081 404 3162 igitur
419 3079 586 3153 hactenuS,
602 3087 634 3140 et
650 3078 821 3155 siluissem,
836 3079 895 3141 nisi
912 3097 1071 3157 responsa
1086 3076 1191 3139 alieno
1208 3075 1419 3158 efflagitasses
1442 3098 1508 3140 ore.
1532 3074 1624 3154 Quib

212 3196 247 3247 ut
271 3203 323 3245 me
346 3183 405 3245 tibi
429 3182 629 3263 morigerum
653 3191 685 3243 et
708 3182 750 3243 ab
775 3192 907 3244 veterna
930 3181 981 3242 illa
1006 3182 1146 3243 amicitia
1169 3182 1363 3262 nequidem
1386 3181 1427 3242 ad
1452 3181 1591 3262 digitum
1616 3182 1627 3258 l

212 3289 275 3349 dici
299 3286 395 3361 solet)
418 3295 642 3348 transversum
666 3286 891 3348 discedentem
915 3294 1006 3347 certo
1023 3285 1154 3363 probes,
1178 3304 1255 3345 ecce
1272 3304 1333 3364 pro
1349 3294 1405 3346 tua
1421 3285 1508 3346 nulla
1524 3286 1627 3363 epist<

212 3392 273 3454 tria
296 3412 339 3452 ex
363 3410 416 3454 me
438 3409 515 3451 vera
530 3391 652 3470 accipe.
676 3389 836 3452 Lazarum
853 3409 990 3469 prorsus
1007 3389 1127 3451 nescio.
1153 3387 1268 3449 Paucis
1283 3408 1359 3450 nam
1377 3408 1542 3469 peraeque
1565 3409 1605 3451 ac
1621 3399 1627 3448 1

463 3597 552 3660 Dum
576 3599 708 3660 tardum
733 3598 874 3677 pedibus
897 3597 994 3660 celeri
1017 3597 1249 3659 transcendere
1272 3617 1370 3658 cursu

551 3701 681 3777 Molior,
703 3701 756 3763 hic
779 3702 854 3776 abit,
878 3713 910 3762 et
933 3701 1102 3763 Daedalus
1125 3701 1230 3762 omnis
1252 3701 1354 3762 abest.

466 3806 536 3868 Nec
559 3815 671 3867 vector
694 3807 816 3886 rapidis
839 3805 965 3889 lugiens
987 3806 1159 3868 ocissimus
1182 3805 1241 3866 alis

552 3907 741 3989 Opperitur.
764 3909 904 3971 Parvum
928 3909 1055 3993 pellege
1078 3908 1274 3989 epistolium.

302 4100 424 4161 Datum
448 4099 534 4161 Xlll.
560 4097 722 4162 Calendas
748 4100 855 4161 lunias
879 4098 920 4159 ad
944 4098 968 4161 S
1003 4098 1192 4160 Henricum.

431 4342 587 4416 Eidem,
623 4342 789 4423 linquat
826 4341 1062 4403 Alexandri
1098 4342 1458 4421 grammaticam.¹l

469 4515 644 4576 barbaram
670 4515 851 4576 Alexandri
875 4515 1012 4595 patriam
1037 4524 1071 4576 tu
1096 4533 1213 4593 sperne
1236 4513 1392 4594 Jonnnes:

554 4617 739 4679 Ausonium
764 4628 796 4678 et
820 4619 942 4696 poteris
966 4629 1014 4679 sat
1039 4618 1197 4679 decorare
1222 4618 1369 4679 chorum.

305 4910 324 4956 ¹1
344 4909 458 4959 nilneno
482 4909 531 4959 zde
559 4909 719 4960 Doctrinale
744 4908 887 4960 Alexandri
913 4908 992 4967 Galli,
1017 4907 1122 4959 obecne
1148 4924 1179 4959 za
1204 4908 1331 4959 udebnici
1361 4926 1395 4959 na
1421 4909 1534 4960 §lulach
1560 4917 1627 4961 stler

216 4996 323 5064 vblq‘ch
343 4996 468 5047 uiivane.
489 4996 607 5047 Vrodenl
628 4995 867 5062 pledchaaejlciho
887 4995 950 5046 listu
970 4995 1089 5063 vyplyvai
1109 5011 1123 5046 z
1143 4996 1275 5061 plidavlru
1298 4997 1345 5046 »ad
1367 4997 1385 5046 S
1415 4995 1598 5048 Henricum.
