3674 5858
209 390 245 443 110
659 390 778 459 Piseclty
797 391 944 443 illichalovi
967 408 998 443 ze
1020 390 1113 443 Straie
1136 388 1208 444 1510.

209 605 351 683 palmam
383 605 442 666 sibi
474 604 641 685 adrogant,
672 605 703 665 in
727 602 788 665 hac
819 605 961 678 materia,
992 624 1075 684 quae
1098 603 1193 666 saluti
1225 613 1273 665 est
1298 604 1440 664 maxime
1464 602 1650 663 necessaria

208 709 294 770 adeo
317 718 392 771 sunt
416 707 530 790 frigidi,
557 709 642 770 adeo
666 708 774 788 inepti,
797 716 833 768 ut
856 708 934 770 mihi
958 708 1057 770 bilem
1081 719 1245 770 exacuant
1300 706 1372 769 Nec
1394 707 1437 768 ab
1462 725 1513 781 re,
1537 706 1650 785 quippi

209 813 265 892 qui
295 831 337 873 ex
367 810 532 893 theologis
562 811 623 874 illis
653 812 794 892 antiquis
824 810 1010 874 veneranda
1041 811 1190 891 prolecto
1222 813 1391 874 maiestate
1421 820 1453 872 et
1477 809 1650 871 eruditioni

209 925 321 979 sancta
345 915 470 978 refertis
500 935 566 978 non
596 916 704 978 solum
735 935 801 977 non
832 915 881 977 vel
912 936 1004 978 more
1032 915 1163 978 Nilotici
1194 917 1282 977 canis
1313 913 1479 977 currendo
1503 912 1650 975 lambunt

183 1019 268 1087 ssed
292 1039 350 1081 eos
373 1019 469 1099 plane
491 1019 667 1102 negligunt,
690 1039 834 1100 suosque
856 1028 984 1081 tanturn
1008 1019 1057 1081 vel
1080 1018 1229 1081 Thomas
1252 1019 1303 1081 vel
1327 1018 1449 1081 Scotos
1465 1017 1515 1079 vel
1532 1017 1649 1080 Duran

210 1122 314 1184 dellos
344 1122 457 1184 colunt
487 1143 526 1184 ac
556 1134 760 1185 venerantur.
806 1121 894 1185 Nihil
926 1126 1012 1185 enim
1036 1125 1120 1203 sapit
1144 1123 1201 1199 his,
1229 1123 1320 1204 quod
1344 1142 1411 1185 non
1434 1120 1650 1203 syllogismun

211 1227 345 1293 redolet.
361 1226 436 1288 nihil
453 1227 568 1307 placet,
584 1228 675 1308 quod
692 1246 758 1288 non
774 1229 999 1308 quaestionem
1017 1227 1166 1307 praefert.
1184 1227 1259 1289 Hoc
1276 1229 1411 1290 demum
1426 1225 1650 1307 theologicum

210 1331 301 1410 quod
332 1339 465 1392 acutum
495 1350 533 1392 ac
564 1349 647 1410 pene
671 1331 896 1410 sophisticum,
927 1332 990 1393 hoc
1014 1330 1153 1413 elegans,
1184 1332 1274 1412 quod
1307 1332 1450 1392 maxime
1474 1331 1650 1392 barbarum

211 1437 273 1498 hoc
298 1446 413 1515 putant
437 1437 607 1514 optimum,
631 1437 721 1516 quod
746 1436 932 1514 labyrintho
963 1435 1005 1497 illi
1040 1434 1209 1498 Daedaleo
1232 1435 1438 1504 simillimum,
1461 1436 1492 1495 in
1515 1435 1651 1515 argutiis

171 1560 197 1603 1ο
211 1542 241 1601 111
264 1539 531 1617 sophismatibus,
559 1540 591 1601 in
622 1540 837 1601 concionibus
850 1538 871 1619 ¹)
900 1539 959 1600 illis
991 1539 1197 1601 cavillatoriis
1231 1541 1310 1601 mire
1340 1540 1436 1615 acuti,
1466 1543 1498 1599 in
1521 1539 1650 1599 caeteri:

210 1644 305 1724 plane
328 1644 437 1722 inepti.
477 1643 554 1706 lllos
576 1644 602 1704 si
626 1643 850 1705 declamantes
879 1643 922 1704 ad
946 1643 1106 1723 populum
1131 1644 1253 1720 audias
1281 1645 1448 1723 disputare
1471 1643 1590 1705 credas
1613 1662 1650 1704 ve

210 1750 320 1828 potius
343 1748 549 1810 comoediam
574 1759 837 1828 repraesentare,
866 1758 934 1809 tam
957 1749 1065 1809 omnia
1097 1748 1146 1808 vel
1170 1749 1419 1829 quaestionibus
1443 1747 1590 1824 miscent,
1612 1767 1651 1808 ve

209 1851 325 1913 labulis
359 1852 537 1927 deducunt,
566 1852 616 1913 vel
647 1853 794 1933 gestibus
829 1852 1025 1914 histrionicis
1058 1853 1257 1931 exprimunt,
1287 1861 1323 1913 ut
1354 1852 1478 1913 iudices
1509 1850 1583 1913 illos
1605 1870 1650 1913 au

208 1956 420 2035 academicos
430 1967 486 2019 aut
503 1956 642 2019 Roscios
658 1958 761 2038 magis
776 1976 877 2037 quam
893 1955 1068 2038 theologos
1084 1968 1116 2017 et
1132 1958 1323 2036 praesertim
1340 1957 1502 2036 antiquos,
1518 1974 1650 2036 quorun

171 2080 249 2122 tane
272 2060 423 2121 umbram
448 2061 580 2139 quidem
606 2062 750 2136 retinent,
774 2081 841 2122 non
865 2061 972 2136 vitam,
996 2080 1061 2122 non
1078 2061 1305 2135 eruditionem,
1328 2079 1395 2121 non
1410 2070 1558 2122 sanctam
1575 2059 1650 2121 illan

208 2165 407 2244 gravitatem,
430 2184 495 2244 qua
517 2184 620 2245 quum
644 2165 722 2226 alias
745 2183 876 2243 semper
906 2175 977 2227 turn
1004 2184 1082 2227 vero
1106 2164 1161 2226 illo
1184 2177 1334 2244 tempore
1358 2165 1567 2244 potissimum
1589 2172 1650 2226 ute

209 2268 337 2344 bantur,
360 2287 462 2348 quum
483 2267 642 2348 populum
667 2288 742 2330 curn
767 2269 888 2331 docere
911 2279 982 2330 tum
1006 2268 1180 2350 obiurgare
1196 2269 1379 2331 voluerunt.
1402 2267 1512 2347 Quam
1527 2269 1582 2331 isti
1597 2288 1650 2330 nor

209 2373 358 2433 oratione
382 2373 487 2434 sciunt
503 2373 698 2452 exprimere,
721 2392 788 2435 non
810 2374 873 2435 vita
897 2378 1083 2448 ostendere,
1107 2375 1162 2454 qui
1178 2395 1198 2435 a
1214 2375 1348 2434 veritate
1364 2375 1396 2435 in
1412 2372 1650 2435 simulationem

210 2477 409 2557 agravitate
433 2476 485 2538 illa
509 2488 622 2538 sancta
653 2478 684 2538 in
707 2477 988 2558 gesticulationem
1013 2498 1103 2539 mere
1127 2478 1360 2552 histrionicam,
1391 2498 1411 2538 a
1434 2477 1608 2538 severitate
1631 2477 1650 2538 11

168 2580 428 2642 modulationem
463 2581 592 2658 penitus
622 2581 838 2656 desciverunt,
872 2581 949 2644 nihil
985 2583 1088 2663 magis
1118 2592 1311 2663 satagentes,
1346 2600 1445 2661 quam
1475 2581 1501 2642 si
1532 2579 1650 2660 popul(

207 2685 356 2746 luxuriae
378 2684 491 2746 dedito
516 2684 674 2765 placeant,
698 2685 774 2747 nihil
799 2698 951 2748 curantes
975 2685 1153 2761 sollicitius,
1176 2705 1276 2766 quam
1299 2696 1335 2747 ut
1358 2685 1536 2747 sanctitatis
1561 2684 1650 2764 opini

206 2808 303 2850 onem
327 2789 369 2850 illi
392 2788 434 2851 de
458 2810 493 2849 se
517 2790 680 2859 incutiant,
704 2790 912 2852 simulatores
937 2792 1080 2865 maximi,
1105 2790 1238 2851 maximi
1261 2789 1459 2851 adulatores.
1498 2787 1577 2850 Non
1600 2787 1650 2848 1111

207 2892 270 2967 lex,
300 2912 366 2955 non
389 2892 578 2972 prophetae,
611 2912 676 2955 non
700 2894 866 2976 evangelia
897 2904 964 2956 tam
997 2915 1095 2956 curae
1119 2905 1202 2969 sunt,
1233 2913 1332 2974 quam
1355 2904 1411 2955 aut
1434 2892 1584 2954 Thomas
1606 2911 1649 2953 au

205 2993 336 3071 Scotus,
359 3016 420 3076 pro
443 2998 563 3077 quibus
586 3001 629 3060 ita
653 3009 769 3060 mutuo
792 2999 992 3080 depugnant,
1015 3000 1059 3060 ita
1082 2998 1295 3073 contendunt,
1318 3009 1353 3060 ut
1371 3016 1437 3058 non
1452 2997 1560 3058 verbis
1577 2996 1650 3057 adei

167 3117 194 3160 er
208 3101 266 3162 sed
284 3102 401 3183 pugnis
413 3102 577 3164 interdum
594 3122 646 3165 res
658 3114 781 3184 agatur.
795 3100 829 3164 Si
845 3102 964 3165 alicubi
981 3102 1063 3164 forte
1079 3100 1201 3165 Scotus
1218 3103 1383 3164 diversum
1400 3101 1478 3181 quid
1495 3121 1515 3161 3
1531 3099 1650 3163 ’11101111

211 3203 340 3281 dixerit,
355 3216 441 3268 stant
462 3206 505 3268 illi
521 3227 539 3268 a
556 3206 687 3269 Thoma
703 3227 774 3281 suo,
796 3226 856 3268 nec
873 3207 995 3269 cedunt
1011 3206 1183 3270 Scotistae.
1209 3207 1257 3268 lbi
1281 3227 1359 3268 vero
1375 3225 1441 3267 non
1457 3205 1549 3267 aliter
1565 3214 1650 3284 atqu

208 3329 268 3387 pro
284 3309 366 3372 locis
381 3312 511 3392 arisque
527 3322 679 3384 certatur,
701 3323 863 3391 pugnatur
887 3311 1026 3390 probriS,
1050 3312 1211 3383 conviciis,
1235 3312 1381 3390 strepitu,
1405 3309 1607 3371 clamoribus
1631 3327 1650 3368 e

207 3414 338 3493 quidem
352 3416 511 3496 usquead
529 3416 638 3477 ravim.
653 3415 784 3478 Veritas
801 3415 852 3476 illa
865 3415 1111 3478 Democritiano
1127 3416 1215 3478 fonte
1231 3416 1404 3477 submersa
1417 3415 1549 3490 eruitur,
1562 3433 1650 3494 quan

206 3527 238 3578 et
255 3518 305 3580 isti
322 3518 495 3589 Thomam.
518 3531 550 3582 et
567 3520 609 3581 illi
625 3520 764 3583 Scotum
780 3521 899 3582 uidisse
915 3520 1070 3595 intonant,
1087 3522 1292 3602 ingeminant,
1312 3521 1375 3581 iam
1393 3519 1582 3598 probantes
1599 3519 1650 3579 ian

167 3636 195 3677 m
208 3633 372 3702 negantes,
396 3643 526 3704 semper
549 3645 626 3685 reto
642 3625 830 3686 dubitantes
846 3636 878 3685 et
895 3644 1062 3705 uunquam
1078 3625 1120 3686 ad
1136 3644 1247 3686 ueram
1264 3624 1344 3704 legis
1359 3620 1477 3684 Christi
1494 3623 1650 3684 scientian

207 3728 366 3789 accedere
378 3742 529 3790 curantes
555 3727 644 3791 Usus
659 3747 732 3790 sum
751 3729 810 3790 hac
827 3728 1037 3810 digressione,
1053 3748 1118 3790 non
1140 3739 1174 3790 ut
1191 3727 1399 3810 indignationi
1415 3727 1484 3788 vela
1499 3726 1587 3802 dem,
1603 3746 1650 3788 ser

208 3844 244 3893 ut
267 3833 413 3894 iniuriam
430 3852 541 3894 coram
565 3842 597 3894 te
617 3833 787 3912 deplorem
804 3833 1014 3913 antiquorum
1037 3833 1277 3913 theologorum,
1302 3832 1390 3893 haud
1407 3833 1475 3892 scio
1491 3831 1650 3892 sanctitat«

209 3938 311 4017 tnagis
333 3957 374 3998 an
398 3936 581 3998 eruditione
604 3937 785 4013 illustrium,
809 3938 864 4017 qui
888 3947 955 3997 tarn
978 3936 1109 4018 indigne
1132 3938 1175 3998 ab
1191 3939 1346 4000 omnibus
1370 3934 1472 3997 lerme
1488 3935 1650 3996 monachi:

208 4040 424 4121 negliguntur.
471 4041 576 4103 Rarus
610 4043 696 4104 enim
732 4043 872 4122 quisque
907 4043 1074 4120 reperitur,
1109 4043 1164 4121 qui
1199 4041 1394 4120 plenissimis
1427 4040 1582 4118 passibus
1619 4059 1650 4100 a<

169 4155 197 4196 &³
209 4145 375 4225 antiquam
407 4144 456 4206 rel
487 4146 730 4226 philosophiam
762 4146 810 4206 rel
840 4145 1041 4227 theologiam
1065 4146 1205 4207 anhelet.
1250 4144 1301 4205 Tu
1333 4146 1429 4225 igitur
1456 4145 1527 4222 ipse
1549 4154 1650 4204 tecun

210 4250 387 4328 perpende,
410 4263 569 4329 quantum
598 4250 673 4311 tidei
697 4251 766 4311 istis
789 4249 1043 4329 impartiendum
1073 4261 1122 4310 est
1154 4251 1185 4310 in
1209 4249 1270 4310 hac
1301 4248 1492 4329 praesertim
1515 4249 1650 4310 materia

209 4356 329 4434 inqua
353 4364 427 4415 sunt
451 4354 648 4434 ineptissimi.
691 4351 866 4415 Caeterum
889 4373 955 4415 non
979 4373 1114 4433 possum
1138 4352 1344 4415 dissimulare
1367 4352 1518 4413 dolorem
1542 4371 1650 4413 meum

211 4477 309 4538 quem
340 4458 385 4517 ob
417 4459 554 4535 patriam
585 4459 616 4519 in
644 4458 714 4519 dies
736 4477 821 4536 pene
844 4455 968 4523 haurio,
992 4477 1084 4536 quae.
1116 4478 1176 4519 ceu
1201 4457 1294 4518 luerit
1317 4458 1386 4516 aeri
1411 4459 1650 4535 praepostera‚²

211 4578 278 4622 tam
301 4561 430 4641 iniquos
453 4572 587 4641 tamque
611 4561 709 4623 t'alsos
732 4560 856 4622 iudices
879 4561 928 4621 vel
953 4576 1137 4622 narratores
1161 4561 1203 4621 de
1226 4579 1261 4621 se
1284 4560 1398 4622 sortita
1421 4570 1478 4634 est,
1502 4570 1536 4620 ut
1561 4561 1650 4621 satiu:

171 4681 197 4722 ro
211 4664 252 4725 1111
283 4662 375 4725 luerit
411 4665 502 4725 rubis
532 4680 563 4727 et
594 4666 740 4726 sentibus
772 4666 802 4724 in
827 4676 1020 4743 perpetuam
1051 4665 1312 4725 obliterationem
1343 4664 1467 4725 obduci
1497 4681 1597 4742 quarn
1620 4684 1650 4724 e<

210 4781 308 4847 paeto
332 4770 362 4829 in
386 4788 527 4847 poenam
553 4769 712 4831 illustrari.
747 4768 849 4829 lneidi
874 4787 978 4846 nuper
1002 4770 1032 4829 in
1057 4768 1217 4829 Venetam
1242 4768 1420 4843 historiam,
1443 4768 1474 4829 in
1498 4786 1564 4847 qua
1582 4766 1650 4828 haer

209 4872 251 4932 de
269 4872 401 4933 lieentia
418 4870 579 4933 feruntur:
610 4871 742 4933 »Solum
759 4872 875 4932 hordei
892 4870 990 4937 l'erax,
1014 4872 1118 4935 tritici.
1143 4872 1244 4931 boum
1260 4872 1456 4932 silvestrium
1472 4882 1505 4930 et
1521 4871 1650 4948 pisciun

208 4977 393 5039 alutndarts;
418 4994 485 5036 uon
508 4976 596 5057 leges
623 4977 719 5056 genti.
743 4995 808 5037 nou
832 4988 985 5035 sanctum
1009 4976 1170 5049 instituta,
1192 4974 1364 5055 quodlibet
1388 4973 1470 5034 licet.
1495 4972 1529 5035 Si
1546 4985 1650 5034 tamer

297 5216 315 5261 ι1
334 5203 369 5266 ti:
389 5212 623 5266 contentionibus.

298 5304 317 5365 ¹)
335 5290 369 5352 R:
388 5302 433 5353 111-1
452 5310 629 5368 11131111111113
647 5310 715 5352 orta
