3674 5858
699 412 817 480 Ptsecty
836 413 907 482 Janu
925 396 1068 464 Slechtovi
1089 408 1164 465 1507.

905 728 960 790 Vl.

551 886 715 961 Vaclav
743 885 926 980 Ptsecky‘
948 885 1059 979 Janu
1087 863 1314 959 §lechtovi

277 1078 331 1145 tl!
351 1078 450 1132 Prazo
469 1077 554 1132 ¹507
575 1107 603 1115 —
627 1091 668 1144 po
686 1076 776 1144 latu.)
806 1073 954 1143 Spolehaje
976 1090 1012 1126 na
1035 1074 1175 1127 lashavost
1196 1072 1262 1141 jeho
1287 1074 1320 1127 ire
1342 1078 1430 1138 vllem,
1455 1072 1526 1127 tuot
1544 1075 1656 1127 studilm

208 1184 238 1218 se
263 1163 400 1232 oddavaji‚
427 1162 561 1231 odvaiuje
579 1181 611 1216 se
639 1180 686 1216 mu
713 1162 793 1230 psiti,
821 1161 876 1232 byv
904 1161 920 1213 lt
943 1168 1021 1214 tomu
1046 1159 1183 1229 vybidnut
1210 1161 1246 1214 od
1271 1148 1380 1214 Rehofe
1408 1159 1552 1222 Hmbeho,
1579 1161 1657 1229 ktery'¹

207 1239 341 1305 Slechtdv
368 1251 413 1304 list
437 1268 483 1304 mu
509 1251 614 1316 ukfzal,
642 1267 659 1301 v
684 1249 765 1304 nemi
785 1249 856 1302 mezi
878 1247 978 1317 jiny'mi
1005 1265 1037 1302 za
1055 1247 1161 1301 tisudek
1188 1265 1205 1300 o
1223 1246 1413 1301 Mikrolrosmu
1440 1246 1567 1315 poiadfn
1595 1248 1656 1300 take

207 1339 332 1408 Plseclry.
352 1338 416 1391 Dllo
435 1323 585 1391 Slechtovo
603 1336 703 1405 pisatel
722 1339 818 1388 ovlern
831 1336 923 1389 chvalll
934 1352 950 1388 a
963 1334 1038 1402 prosi
1050 1351 1084 1388 za
1095 1334 1205 1403 plljlleul
1217 1334 1294 1404 spisu
1308 1334 1519 1399 Bessarionova,
1539 1351 1554 1387 z
1568 1334 1656 1389 nehoi

206 1426 255 1480 rid
273 1425 309 1494 by
328 1426 425 1494 poznal
444 1426 566 1478 Platona.
585 1423 666 1493 (List.
686 1424 743 1492 rlrp.
764 1423 813 1476 tls.
832 1422 927 1486 XXII.)

293 1620 484 1683 Vinceslaus
501 1621 676 1683 Piescensis
689 1619 804 1701 Joanni
818 1616 984 1680 Sslechtae
1007 1618 1050 1679 de
1065 1617 1223 1679 Wssehrd
1247 1628 1279 1679 et
1302 1618 1473 1680 Kostelecz
1488 1618 1532 1680 ad
1550 1616 1655 1679 Albim

206 1723 336 1787 fluvium
358 1743 383 1784 s.
408 1742 438 1803 p.
463 1724 494 1786 d.
526 1724 610 1785 Novi
633 1722 832 1795 iamdudum,
856 1724 901 1783 vir
923 1722 1205 1803 praestantissime,
1234 1724 1316 1784 inter
1346 1741 1404 1785 eos
1427 1722 1543 1795 solum,
1575 1742 1657 1803 quos

206 1829 256 1890 vel
280 1829 397 1890 eadem
419 1830 517 1890 virtus
539 1837 593 1889 aut
617 1828 718 1890 simile
741 1827 884 1889 studium
915 1838 970 1888 aut
1001 1844 1105 1907 aequa
1134 1826 1310 1889 conciliavit
1337 1826 1484 1909 dignitas,
1512 1837 1605 1908 grata
1628 1838 1659 1888 et

206 1933 346 1995 iucunda
369 1945 439 1994 turn
461 1951 518 1993 ore
541 1942 608 1994 tum
633 1932 758 1993 calamo
781 1933 887 2013 vigere
910 1930 1080 2011 colloquia,
1103 1932 1178 2011 quia
1198 1931 1278 1992 inter
1300 1949 1336 1991 se
1358 1948 1424 1992 non
1447 1929 1661 1992 familiaritate

179 2038 311 2101 ssolum
345 2023 403 2099 sed
438 2037 673 2099 necessitudine
705 2037 781 2116 ipsa,
816 2034 874 2097 sed
910 2037 1047 2096 amicitia
1078 2034 1316 2106 devinciuntur;
1351 2034 1425 2097 ideo
1460 2046 1590 2096 mutuas
1620 2035 1660 2097 illi

205 2143 313 2204 literas
336 2152 368 2203 et
391 2144 537 2221 accipere
560 2149 698 2220 possunt
721 2151 752 2201 et
776 2140 921 2202 reddere.
964 2139 1042 2200 Mihi
1064 2157 1140 2200 vero
1164 2139 1249 2200 nulla
1274 2138 1419 2216 praedito
1442 2140 1565 2215 virtute,
1597 2157 1661 2200 non

205 2247 300 2308 literis
323 2256 449 2323 omato,
472 2264 537 2306 non
560 2244 608 2306 vel
632 2247 663 2306 in
686 2245 795 2324 aliqua
817 2245 994 2305 constituto
1010 2244 1173 2324 dignitate,
1196 2242 1293 2323 longe
1308 2242 1433 2304 diversa
1448 2255 1496 2304 est
1515 2245 1662 2305 conditio

204 2349 276 2411 Tua
310 2368 385 2412 cum
413 2349 651 2423 Dominatione,
685 2366 770 2428 quae
804 2358 835 2409 et
869 2347 1034 2409 doctrinae
1068 2357 1099 2409 et
1133 2347 1306 2409 nobilitatis
1339 2366 1527 2428 supremum
1561 2366 1663 2428 prope

204 2454 342 2536 gradum
365 2454 560 2516 conscendit.
584 2452 657 2532 Qua
679 2455 773 2534 igitur
795 2455 976 2515 temeritate
1000 2453 1055 2514 tibi
1079 2453 1158 2513 meis
1174 2453 1298 2532 ineptiis
1316 2451 1504 2532 obstrepere
1520 2453 1662 2527 andeb0,

167 2559 254 2621 tocui
281 2575 342 2618 nec
371 2559 509 2619 amicitia
533 2559 645 2638 iungor
679 2567 711 2619 et
745 2556 968 2618 familiaritatis
999 2558 1097 2618 totius
1127 2573 1244 2636 expers
1274 2553 1365 2617 sum?
1403 2554 1536 2636 Quippe
1571 2557 1661 2636 quod

205 2661 350 2722 nondum
363 2662 541 2737 meruerim,
555 2661 695 2723 studebo
708 2671 815 2722 tamen
830 2680 895 2722 non
912 2661 1040 2722 levitate
1056 2660 1172 2722 ductus
1188 2657 1257 2722 sola
1273 2671 1328 2722 aut
1345 2658 1470 2734 fiducia,
1483 2679 1548 2739 qua
1565 2661 1661 2723 didici

205 2776 238 2826 te
261 2776 293 2826 et
314 2765 422 2826 literas
445 2783 654 2843 summopere
677 2763 792 2825 callere
815 2776 845 2826 et
870 2765 1031 2826 literarum
1055 2765 1219 2826 studiosos
1242 2783 1371 2826 summo
1388 2784 1507 2842 amore,
1531 2784 1661 2826 summa

205 2868 375 2947 complecti
400 2867 632 2930 benevolentia.
673 2867 756 2930 Hinc
779 2870 873 2951 igitur
896 2887 957 2951 ego
981 2869 1142 2930 literarum
1166 2871 1276 2931 sitiens
1305 2872 1432 2930 animor
1461 2869 1503 2931 ad
1532 2882 1565 2932 te
1588 2873 1662 2930 scri·

206 2971 349 3033 bendum
382 2971 461 3053 (sic).
507 2970 702 3052 Iampridem
733 2974 820 3034 enim
850 2983 924 3035 tuae
955 2973 1170 3046 excellentiae,
1205 2975 1249 3034 vir
1271 2974 1402 3051 optime,
1435 2992 1501 3034 non
1525 2974 1662 3035 videbor

169 3098 193 3139 rs
206 3094 441 3157 usquequaque
464 3078 647 3158 incognitus
669 3089 862 3161 procurante
884 3078 915 3140 id
940 3078 1073 3140 domino
1096 3076 1254 3160 Gregorio
1272 3077 1399 3156 Hrubp,
1423 3080 1488 3139 viro
1503 3080 1662 3158 imprimis

204 3180 281 3242 inihi
312 3180 514 3255 amicissimo,
549 3182 604 3260 qui
635 3191 667 3242 et
699 3183 804 3243 literas
835 3193 907 3245 tuas
937 3185 1024 3264 gravi
1055 3183 1201 3262 profecto
1224 3193 1256 3243 et
1279 3181 1416 3264 eleganti
1445 3181 1517 3245 stilo
1542 3183 1662 3245 effusas

207 3283 281 3345 mihi
306 3283 434 3347 tradidit
457 3284 613 3346 visendas.
652 3285 686 3347 ln
711 3286 828 3365 quibus
851 3287 1011 3365 equidem,
1040 3305 1081 3347 an
1111 3288 1237 3366 gravior
1267 3288 1309 3347 sis
1339 3288 1370 3347 in
1401 3286 1588 3366 eloquendo
1620 3306 1660 3348 an

205 3390 324 3461 tersior,
347 3388 494 3450 nondum
517 3401 604 3450 certe
627 3391 780 3471 cognovi,
804 3389 996 3453 modestiam
1020 3402 1107 3452 tuam
1132 3390 1236 3451 solum
1252 3389 1458 3452 vehementer
1473 3394 1662 3452 ammiratus

206 3510 286 3565 surn,
310 3491 399 3573 quod
422 3493 502 3555 dum
524 3513 639 3555 omnes
668 3494 748 3555 alios
780 3493 941 3556 literarum
972 3495 1083 3573 peritia
1113 3513 1253 3574 superas,
1284 3494 1414 3556 anullo
1445 3506 1555 3556 tamen
1579 3515 1662 3575 opus

167 3617 193 3658 ro
207 3607 298 3658 tuum
309 3595 333 3675 1)
356 3596 521 3675 subducis,
545 3598 676 3678 quando
707 3610 761 3661 aut
792 3599 868 3659 lima
891 3609 946 3660 aut
969 3600 1113 3660 censoria
1136 3609 1248 3660 notare
1271 3599 1391 3682 virgula
1422 3599 1499 3661 illud
1523 3601 1662 3679 patiaris

208 3699 389 3780 Parumque
412 3711 480 3762 erat
504 3702 565 3764 hoc
587 3702 654 3764 aliis
677 3704 834 3780 tribuisse,
867 3705 925 3764 nisi
948 3715 980 3765 et
1011 3723 1065 3764 ine
1091 3706 1121 3763 in
1146 3703 1207 3764 hoc
1230 3723 1348 3764 munus
1370 3703 1559 3766 adscisceris
1581 3705 1661 3782 (sic).

207 3802 276 3886 Ego
299 3822 376 3866 vero
399 3814 465 3866 tant
488 3805 580 3868 abest
610 3816 646 3867 ut
668 3827 752 3888 opus
781 3807 858 3869 illud
889 3807 1131 3888 reprehendam,
1166 3817 1201 3869 ut
1224 3811 1320 3868 etiam
1348 3811 1379 3869 in
1411 3808 1562 3870 laudibus
1594 3812 1662 3871 eius

207 3907 406 3986 explicandis
428 3912 573 3971 oratione
595 3913 660 3973 suis
683 3912 800 3973 meritis
823 3911 926 3974 multo
949 3912 1095 3974 inferiore
1118 3923 1222 3973 uterer
1245 3908 1326 3996 (sic).
1353 3911 1480 3976 Tantus
1503 3927 1552 3977 est
1576 3916 1661 3975 enirn

207 4010 333 4075 libellus
354 4014 423 4088 iste,
448 4013 539 4093 quod
563 4010 730 4077 utilitatem
754 4017 822 4076 eius
846 4016 993 4077 nondum
1024 4035 1081 4094 pro
1105 4016 1326 4099 magnitudine
1354 4021 1397 4078 rei
1425 4019 1503 4082 satis
1526 4017 1660 4100 dignum

167 4115 346 4178 aaiudicem
370 4119 518 4179 sortitum
543 4115 614 4199 (sic)
637 4137 708 4181 esse
731 4139 857 4181 censeo.
880 4118 1035 4199 Quamvis
1058 4121 1143 4181 enim
1165 4119 1270 4181 fateor
1292 4120 1463 4182 nonnullas
1486 4125 1662 4184 sententias

208 4219 270 4281 hoc
293 4218 401 4281 libello
424 4231 594 4285 contentas
617 4223 704 4302 apud
727 4223 806 4285 alios
829 4224 967 4306 legerim,
998 4224 1135 4304 plurima
1164 4227 1380 4307 ignoraverim,
1413 4243 1528 4287 omnes
1553 4237 1663 4287 tamen

208 4322 267 4385 abs
290 4334 322 4384 te
345 4325 590 4388 introducuntur
613 4346 730 4388 novam
755 4327 885 4389 indutae
909 4328 1030 4405 faciem,
1060 4348 1178 4390 novam
1201 4329 1401 4404 brevitatem,
1432 4329 1517 4392 adeo
1542 4350 1663 4409 presse,

208 4424 292 4486 adeo
315 4445 474 4502 connexe,
498 4440 532 4491 ut
556 4449 620 4491 non
644 4430 861 4504 adventitiam,
885 4432 942 4492 sed
959 4432 1019 4493 illic
1035 4434 1174 4493 nativam
1195 4433 1341 4495 obtinere
1357 4432 1467 4495 sedern
1484 4434 1664 4497 videantur.

209 4527 274 4591 illic
309 4549 505 4611 cognoscere
539 4534 611 4596 licet
645 4546 678 4595 et
711 4547 874 4597 oratorum
906 4535 1019 4598 fluvios
1049 4548 1081 4600 et
1112 4540 1256 4616 poeticos
1285 4537 1368 4598 sales
1400 4548 1432 4599 et
1454 4537 1664 4600 historiarum

168 4656 195 4696 ao
208 4634 354 4711 copiam;
378 4634 440 4696 illic
456 4636 640 4716 philosophi
655 4640 841 4719 gravissimi,
858 4641 919 4702 illic
936 4640 1200 4720 philosophorum
1217 4642 1379 4721 principes
1394 4641 1666 4720 excellentissimi,

208 4738 359 4812 visuntur,
383 4749 414 4799 et
432 4741 520 4818 quod
541 4741 630 4802 credi
646 4745 698 4803 vix
714 4746 823 4822 possit,
846 4744 923 4806 alias
940 4749 1081 4806 maxime
1097 4744 1322 4827 depugnantes
1338 4746 1387 4806 hic
1403 4749 1667 4824 coniunctissimi,

209 4854 243 4902 ut
266 4860 350 4920 pene
373 4843 436 4903 iarn
459 4855 546 4906 totus
571 4847 601 4906 in
626 4847 708 4909 hanc
731 4848 873 4908 adducet
897 4848 968 4928 (sic)
991 4851 1184 4910 sententiam
1208 4849 1374 4911 Platonem
1398 4863 1430 4912 et
1452 4848 1668 4914 Aristotelem

208 4944 294 5023 apud
319 4944 389 5006 illos
412 4946 519 5008 solum
543 4949 733 5028 discrepare,
756 4954 809 5031 qui
833 4972 890 5014 eos
914 4973 979 5014 non
1005 4953 1190 5036 intelligunt.
1221 4951 1286 5015 Sed
1310 4973 1376 5014 non
1400 4973 1473 5015 mea
1496 4957 1593 5018 refert
1619 4959 1671 5020 vel

209 5047 304 5109 libelli
327 5048 440 5113 laudes
464 5054 595 5114 obtenui
627 5055 700 5115 stilo
729 5055 883 5117 disserere
914 5059 962 5118 vel
994 5057 1134 5119 Platonis
1164 5060 1195 5117 in
1223 5076 1347 5120 morem
1378 5069 1484 5120 tantas
1513 5059 1672 5126 dirimere

210 5204 416 5213 —----.—--....

299 5289 317 5357 ¹)
339 5289 433 5342 Minen
456 5293 506 5344 zde
526 5280 657 5346 Slechthv
677 5294 880 5349 Mikrolrosmus
898 5298 1002 5365 (srovn.
1023 5297 1077 5366 mllj
1097 5298 1297 5352 Humanismus
1316 5306 1362 5351 str.
1383 5296 1450 5366 135).
