3674 5858
646 115 750 169 Vtclnv
768 113 887 183 Plseclry
905 113 1021 168 Tomssi
1040 111 1246 168 Vlalirnrkbrnu
1265 109 1340 164 1510.

351 323 555 405 Scripseram
577 322 792 387 commodum
824 323 933 386 literas
956 323 1063 400 hasce,
1093 343 1196 405 quum
1226 321 1303 385 mihi
1326 330 1468 403 quatuor
1489 319 1598 383 solum
1622 320 1710 397 parvi

267 428 387 492 cultelli
410 429 529 491 redditi
552 437 636 491 suut.
674 425 786 507 Quare
808 428 958 490 nondum
981 437 1014 489 te
1037 427 1175 491 dimitto.
1212 424 1279 490 Cur
1302 426 1388 489 enim
1410 444 1477 487 non
1499 422 1655 486 monuisti
1678 421 1697 482 li

268 535 351 611 teris,
382 554 467 614 quos
497 533 628 614 pulsare
658 533 821 595 debeam?
858 531 1009 595 Pontifex
1040 551 1076 594 se
1106 551 1193 595 nunc
1221 531 1403 595 Bononiam
1425 528 1573 603 contulit,
1603 526 1712 607 itaque

270 639 452 701 Romanam
484 639 686 700 maiestatem
731 646 835 699 totam
863 637 907 699 ad
937 655 998 698 nos
1031 636 1202 698 transtulit.
1248 636 1367 698 lterum
1398 632 1477 696 vale
1522 631 1712 694 Zachariam

240 743 533 806 ⁵Hradescensem
555 742 674 804 salutat

955 998 1029 1065 XX.

526 1157 689 1233 vaclav
717 1156 899 1253 Ptsecky'
928 1156 1105 1231 Tomasi
1134 1154 1461 1231 vlasimskemu.

354 1348 528 1402 VBononIl
548 1347 646 1414 (tato)
667 1378 698 1386 -
718 1350 738 1401 1.
759 1346 842 1415 illue.
879 1346 971 1415 Lituje
996 1346 1164 1400 nehodneho
1188 1346 1276 1400 osudu
1301 1345 1468 1407 Tomtlovn,
1491 1342 1545 1411 jejl
1569 1342 1624 1410 pin
1649 1340 1714 1408 jeho

269 1435 378 1490 hechtel
398 1434 543 1503 propustiti
561 1452 576 1486 z
595 1434 769 1502 poddanstvt,
787 1435 831 1486 ale
850 1433 902 1486 tesi
922 1451 960 1497 se,
975 1433 1006 1486 le
1025 1434 1151 1487 honedhe
1170 1434 1222 1487 stal
1235 1451 1265 1487 se
1278 1433 1382 1486 'lomet
1394 1431 1524 1486 utitelem
1537 1447 1555 1481 v
1568 1427 1714 1492 Lounech;

269 1524 277 1575 i
296 1522 445 1590 napomlnt
460 1521 507 1590 jej,
530 1521 585 1590 aby
609 1521 731 1575 zastaval
757 1520 866 1573 bedlive
885 1520 1045 1589 povinnosti
1069 1528 1150 1573 stavu
1175 1520 1272 1584 sveho,
1293 1536 1348 1574 ana
1370 1519 1441 1573 snad
1464 1517 1535 1572 obec
1559 1533 1594 1570 za
1610 1523 1640 1568 to
1658 1531 1714 1583 pro

268 1610 378 1679 pultenl
396 1626 427 1663 ze
446 1610 546 1661 svazku
566 1609 765 1676 poddanslreho
784 1625 819 1661 na
837 1608 912 1677 partu
930 1626 977 1662 mu
997 1608 1129 1678 vymute:
1148 1609 1229 1662 vedle
1247 1609 1317 1662 toho
1334 1606 1389 1678 aby
1407 1606 1481 1676 pilnl
1499 1604 1628 1659 studoval
1647 1603 1714 1663 tute,

268 1698 322 1767 aby
340 1696 435 1765 nabyti
455 1697 530 1749 mohl
549 1696 678 1748 hodnosti
697 1697 827 1749 misrrstt
846 1714 863 1749 a
881 1698 928 1750 talr
947 1695 1050 1750 zbaviti
1069 1714 1099 1749 se
1119 1696 1285 1750 nehodnkho
1301 1694 1439 1766 tymnstvl
1456 1692 1608 1762 pansklho.
1636 1690 1714 1759 (List.

268 1786 325 1853 rlrp.
344 1785 393 1837 dis.
414 1784 522 1850 XXIII.)

355 1978 550 2042 Vinceslaus
573 1977 716 2041 Boimus
739 1977 889 2040 Thomae
910 1977 953 2040 W
956 1978 1144 2055 lassimensi,
1167 1979 1199 2041 in
1214 1979 1340 2042 artibus
1355 1977 1562 2041 baccalaurio
1579 1973 1714 2047 erudito,

268 2083 381 2147 Lunae
411 2083 757 2164 archigymnasterium
786 2083 902 2163 agenti,
931 2082 1094 2163 discipulo
1125 2100 1187 2146 suo
1208 2081 1304 2165 longe
1334 2081 1526 2146 charissimo
1556 2101 1584 2143 s.
1618 2098 1650 2159 p.
1682 2077 1713 2139 d.

269 2188 399 2251 Eodem
422 2187 550 2263 affeetu,
580 2206 648 2268 quo
672 2186 817 2265 reliquos
845 2185 1027 2266 discipulos
1050 2205 1249 2267 promovere
1278 2206 1317 2249 ac
1340 2184 1576 2250 commendare
1598 2181 1716 2256 curavi,

268 2303 301 2355 te
324 2310 457 2373 quoque
481 2291 783 2353 commendandum
814 2291 984 2371 proposui.
1024 2290 1151 2353 Verum
1179 2291 1391 2371 inauspicato,
1418 2299 1455 2352 ut
1477 2288 1573 2364 nosti,
1602 2287 1715 2349 sidere.

234 2414 259 2456 ro
274 2397 425 2460 Vixdum
448 2395 533 2456 enim
564 2416 623 2458 ora
653 2395 814 2458 insolvere
844 2397 966 2475 occepi,
996 2405 1029 2457 ct
1058 2415 1137 2458 ecce
1168 2397 1227 2457 tibi
1257 2415 1322 2459 una
1344 2394 1520 2476 Eurusque
1542 2391 1717 2472 Notusque

269 2521 342 2565 sese
364 2500 481 2562 obvios
504 2498 660 2575 ferebant,
691 2518 757 2580 quo
782 2500 888 2562 minus
918 2521 937 2562 a
961 2499 1069 2563 littore
1093 2520 1289 2580 promovere
1319 2499 1369 2562 vel
1392 2497 1553 2562 tantillum
1577 2514 1717 2577 possem,

270 2615 306 2668 ut
328 2614 361 2666 te
384 2603 425 2665 ad
450 2601 582 2666 Montes
604 2605 728 2684 argenti
751 2602 876 2666 leraces
903 2603 1164 2686 ludImagistrum
1187 2604 1395 2667 constituam.
1434 2602 1569 2665 Interim
1592 2619 1656 2682 ego
1678 2599 1718 2660 de

269 2709 403 2771 Boemia
426 2706 547 2786 pedem
570 2707 673 2770 extuli
698 2718 730 2770 et
753 2709 785 2769 in
808 2706 932 2770 ltaliam
956 2709 1142 2771 studiorum
1164 2728 1280 2771 amore
1303 2727 1356 2770 me
1378 2706 1495 2786 recepi,
1517 2705 1577 2769 ubi
1600 2703 1718 2768 consti-

268 2823 360 2877 tutus
389 2832 430 2874 ne
460 2822 593 2873 tenuem
624 2811 757 2892 quidem
789 2811 910 2874 lamam
940 2814 1074 2875 auribus
1105 2813 1253 2876 hausisse
1276 2812 1377 2893 potul,
1407 2808 1598 2893 usquedum
1620 2805 1718 2890 Sigis-

235 2928 259 2970 1⁵
272 2917 416 2980 mundus
440 2916 574 2995 quidam
598 2916 739 2978 Zamber
755 2913 792 2999 (l)
816 2917 963 2979 Bononia
994 2917 1134 2979 salutata
1164 2936 1218 2978 me
1244 2917 1417 2979 certiorem
1439 2913 1585 2978 reddidit
1607 2924 1641 2975 te
1663 2911 1719 2974 ad·
1744 2935 1803 2949 ’-

270 3040 365 3083 verso
396 3020 542 3101 quodam
573 3020 723 3083 fortunae
752 3020 832 3083 flatu
855 3022 1068 3104 exagitatum,
1099 3030 1218 3101 utpote
1249 3021 1304 3102 qui
1327 3040 1346 3082 a
1367 3019 1504 3082 domino
1526 3028 1588 3082 tuo
1599 3018 1624 3097 ¹)
1654 3027 1719 3080 tam
1735 3027 1813 3072 Α

270 3126 400 3208 Indigne
423 3124 556 3187 habitus
579 3123 685 3201 fueris,
708 3135 744 3187 ut
767 3126 809 3187 ad
833 3145 951 3188 nervos
974 3127 1073 3188 etiam
1096 3144 1134 3187 ac
1158 3123 1287 3187 vincula
1304 3144 1356 3186 res
1370 3123 1597 3202 processisset.
1621 3108 1820 3200 Quodn

270 3249 333 3312 ego
357 3230 411 3292 ubi
427 3230 548 3310 accepi,
572 3230 649 3291 mihi
666 3230 773 3306 crede,
796 3231 1006 3292 vehementer
1023 3228 1146 3291 indolui
1163 3238 1320 3309 reputans
1335 3246 1474 3304 mecum,
1495 3245 1599 3308 quarn
1615 3226 1830 3306 iniqua-2

270 3344 303 3396 te
325 3333 390 3397 lata
413 3344 642 3411 exercuerunt,
665 3353 750 3415 quae
772 3342 806 3395 te
828 3343 895 3395 tam
919 3333 1052 3409 crudeli,
1074 3343 1142 3396 tarn
1165 3332 1352 3408 inhumano,
1373 3341 1440 3395 tam
1463 3328 1561 3410 plane
1579 3329 1835 3393 barbaroO

231 3437 407 3500 andomino
438 3437 581 3501 subdere
612 3437 795 3514 voluerunt,
826 3439 881 3519 qui
912 3446 945 3499 te
972 3455 1033 3499 nec
1063 3436 1172 3498 literas
1205 3435 1358 3516 persequi
1387 3454 1447 3497 nec
1477 3434 1510 3496 in
1537 3433 1704 3497 libertate·
1806 3470 1813 3478 -

271 3562 416 3605 asserere
440 3540 504 3603 ulla
528 3543 652 3603 ratione
676 3543 842 3622 permittit.
865 3541 933 3606 Sed
949 3550 1167 3622 posteaquam
1190 3540 1317 3603 addidit
1339 3549 1372 3602 te
1395 3539 1507 3603 nescio
1530 3557 1602 3620 quo
1625 3546 1717 3618 pact
1757 3547 1826 3582 4-

273 3654 425 3726 ereptum
456 3664 543 3707 nunc
566 3642 681 3707 Lunae
704 3645 1053 3727 archigymnasterium
1084 3665 1189 3727 agere,
1220 3645 1339 3707 mirum
1369 3644 1401 3706 in
1423 3642 1564 3705 modum
1595 3642 1789 3725 gaviqu

272 3768 346 3811 sum
376 3758 467 3810 ratus
498 3760 529 3811 te
562 3769 661 3829 posse
692 3751 834 3812 invenire
864 3751 1083 3825 occasionem,
1114 3769 1180 3831 qua
1210 3748 1396 3811 liberiorem
1424 3766 1524 3831 agere
1555 3746 1825 3809 hominems¹

274 3854 363 3915 brevi
387 3853 505 3915 valeas.
530 3853 580 3914 Da
603 3873 750 3933 operam,
774 3854 817 3915 mi
840 3853 979 3927 Thoma,
1003 3864 1039 3916 ut
1054 3864 1087 3915 te
1103 3854 1290 3936 diligentem
1313 3851 1448 3915 scholae
1468 3853 1814 3931 praeceptorenffl

233 3957 385 4019 fficivitas
415 3967 486 4021 tota
516 3968 705 4039 cognoscat,
738 3968 773 4020 ut
803 3968 837 4020 te
867 3959 1053 4020 studiosum
1087 3966 1268 4031 veneretur,
1298 3955 1480 4019 virtuosum
1510 3973 1629 4017 amore
1657 3972 1795 4015 amae

273 4058 433 4139 plectatur
463 4070 496 4122 et
519 4060 624 4122 laude.
671 4061 744 4123 Fiet
766 4063 862 4136 enim,
893 4072 930 4125 ut
959 4061 1009 4125 vel
1033 4063 1184 4126 ultronea
1206 4062 1257 4125 vel
1286 4062 1347 4124 abs
1369 4070 1403 4123 te
1425 4069 1542 4143 rogata
1565 4058 1662 4123 lacile
1684 4055 1754 4121 arl-

273 4164 474 4245 aliquantum
497 4166 657 4245 temporis
681 4164 863 4228 libertatem
894 4167 952 4229 tibi
975 4188 994 4229 a
1017 4167 1154 4230 domino
1177 4167 1328 4229 obtinere
1350 4163 1491 4229 studeat
1530 4163 1669 4227 Interim
1690 4172 1744 4225 tr!

274 4268 305 4328 in
328 4268 436 4330 literas
460 4267 616 4348 pleniore,
643 4279 680 4330 ut
703 4270 801 4344 aiunt,
828 4290 927 4333 manu
951 4271 1152 4333 contendere
1174 4271 1298 4351 poteris
1320 4276 1354 4332 et
1375 4267 1479 4350 magis
1501 4286 1543 4331 ac
1566 4268 1673 4351 magis
1694 4267 1730 4329 in

274 4372 389 4434 orbem
411 4371 500 4434 illum
524 4372 750 4436 doctrinarum
766 4376 895 4454 penitus
909 4386 942 4437 te
959 4376 1105 4454 recipere
1120 4394 1225 4454 usque
1240 4374 1335 4448 adeo,
1358 4382 1395 4434 ut
1416 4370 1571 4435 altiorem
1587 4372 1729 4456 gradum

232 4487 259 4528 ³⁰
273 4477 389 4539 merito
413 4477 627 4553 conscendas
657 4478 699 4539 ad
724 4498 823 4558 quem
853 4479 1100 4559 suscipiendum
1129 4478 1179 4541 vel
1212 4479 1257 4541 ob
1286 4495 1435 4541 amorem
1458 4475 1623 4540 libertatis
1646 4495 1724 4559 rogo

273 4588 305 4640 te
321 4599 517 4659 praeparare
533 4601 599 4642 non
616 4581 767 4663 negligas,
790 4583 932 4645 melioris
956 4584 1018 4645 dici
1035 4592 1162 4663 partem
1179 4579 1408 4662 philosophiae
1427 4580 1620 4658 tribuendo,
1642 4579 1725 4642 vale·

274 4683 385 4758 tudIni,
409 4685 520 4745 amicis
544 4685 607 4746 hoc
631 4697 680 4747 cst
704 4688 903 4764 oratoribus,
935 4688 1096 4750 historicis
1127 4697 1160 4749 et
1189 4686 1297 4766 po'etis
1324 4684 1588 4765 pomeridianam
1613 4686 1725 4747 horam

275 4786 477 4863 collocando,
508 4790 571 4850 iarn
596 4791 755 4867 privatim,
782 4792 845 4852 iam
870 4792 1001 4872 publice
1033 4812 1108 4855 cum
1132 4789 1301 4870 discipulis
1323 4787 1388 4851 tuis
1410 4798 1445 4850 te
1465 4789 1671 4866 exercendo,
1693 4800 1728 4849 ut

364 5010 382 5073 ¹)
400 5009 521 5060 Tentrar
540 5009 625 5061 drleli
644 5011 749 5062 Vlasim
768 5012 904 5063 Trtkove.
