3674 5858
209 419 243 474 62
658 422 777 493 Plseclry
795 421 945 476 Michalovi
966 440 998 478 ze
1017 422 1113 478 Strhie
1134 421 1209 477 1510.

209 655 299 717 rogo,
322 654 371 711 ne,
395 635 485 715 quod
503 653 632 714 semper
649 631 722 716 (sic)
739 633 850 710 fecisti,
874 655 976 715 opera
991 646 1048 698 tua
1065 636 1203 715 patriam
1227 636 1314 697 inea
1330 636 1498 715 provincia
1519 635 1659 698 literaria

207 740 374 802 destituas.
398 739 509 800 Audio
534 759 674 801 examen
705 740 854 802 nondum
886 740 1090 819 publicatum
1121 740 1348 803 deficientibus
1376 740 1511 802 forsitan
1534 741 1660 803 idoneis

207 844 250 916 ad
273 844 338 905 hoc
360 843 588 905 sustinendum
612 843 816 907 scholasticis
831 843 881 905 vel
899 845 1008 923 potius
1024 843 1202 907 lectoribus
1218 845 1300 905 intra
1316 843 1478 907 silentium
1495 865 1531 906 se
1545 855 1659 906 tenen·

207 949 303 1010 tibus.
335 947 419 1008 Dedi
443 968 506 1030 ego
529 948 571 1009 ad
596 949 759 1027 quosdam
783 968 877 1010 meos
900 948 1080 1029 discipulos
1105 949 1221 1019 literas,
1251 949 1372 1029 quibus
1396 947 1661 1024 commonebant,

183 1061 245 1121 aut
268 1052 383 1113 studiis
406 1052 532 1130 coeptis
555 1052 777 1113 continentem
801 1062 918 1114 navent
943 1073 1094 1132 operam;
1126 1054 1152 1115 si
1176 1054 1255 1133 quid
1286 1052 1370 1115 forte
1393 1052 1562 1124 valuerint,
1593 1071 1660 1132 quo

208 1156 251 1218 ad
274 1155 388 1217 altiora
412 1169 676 1235 promoveantur,
705 1165 763 1217 tuo
787 1157 819 1218 id
843 1156 963 1218 iudicio
992 1157 1149 1237 relinqu0,
1179 1158 1304 1238 tibique
1327 1177 1386 1218 eos
1408 1156 1661 1218 commendatos

210 1260 326 1322 habeo.
350 1259 426 1321 Mea
442 1261 583 1335 interest,
605 1261 760 1341 quoniam
777 1260 869 1322 aliter
884 1279 951 1323 non
967 1280 1103 1341 possum
1119 1281 1180 1324 nec
1196 1271 1291 1323 antea
1308 1261 1407 1339 potui,
1426 1261 1477 1323 vel
1494 1260 1660 1322 hortando

209 1384 301 1427 meos
324 1363 366 1426 ad
390 1363 505 1439 studia,
529 1365 553 1425 si
571 1364 645 1425 mihi
663 1365 853 1445 morigerari
869 1364 975 1440 velint,
998 1365 1042 1427 ita
1058 1384 1143 1426 nuuc
1159 1366 1340 1427 absentiam
1364 1384 1471 1427 meam
1487 1365 1661 1426 vindicare.

209 1468 324 1530 Dices:
352 1466 484 1548 »fugisti
508 1478 540 1529 et
563 1477 659 1529 extra
681 1467 736 1529 teli
760 1469 880 1529 iactum
905 1469 1103 1530 constitutus
1126 1467 1299 1531 consulere
1322 1470 1401 1532 vis«.
1426 1467 1574 1531 Consulo
1598 1487 1659 1549 ego

168 1600 194 1640 10
210 1571 355 1634 libenter.
380 1571 465 1634 Nihil
489 1573 575 1633 enim
599 1571 722 1633 facilius
745 1582 803 1648 est,
826 1570 917 1652 quod
934 1571 1056 1635 Thales
1072 1574 1125 1648 ait,
1148 1592 1247 1652 quam
1271 1573 1363 1635 alteri
1378 1573 1551 1635 consilium
1568 1570 1660 1633 ferre.

209 1676 292 1757 Fugi
317 1696 394 1738 vero
419 1685 615 1756 opportune.
654 1674 720 1738 Sed
745 1676 834 1737 bono
858 1684 930 1738 esto
953 1677 1071 1737 anime.
1117 1675 1204 1738 Nam
1229 1677 1470 1739 Demosthenes
1494 1697 1529 1738 se
1552 1676 1661 1756 ipsum

208 1782 305 1842 etiam
322 1781 385 1842 hoc
402 1782 530 1842 senario
546 1780 671 1841 solatus
689 1800 741 1841 me
758 1780 932 1842 tutabitur:
959 1780 1051 1857 »ἀνὴρ
1067 1783 1179 1861 φεύγων
1194 1782 1240 1840 καὶ
1258 1781 1345 1839 πάλιν
1366 1784 1557 1858 pellenae«
1573 1781 1597 1857 ¹)
1616 1780 1664 1840 vir

208 1885 332 1967 fugiens
354 1894 386 1947 et
410 1885 520 1947 denuo
543 1884 708 1965 pugnabit.
744 1882 820 1945 Non
845 1904 902 1945 ero
927 1883 1009 1946 forte
1034 1884 1203 1964 Ripsaspis
1226 1895 1262 1946 ut
1285 1885 1345 1961 ille,
1376 1886 1435 1946 nisi
1458 1884 1538 1945 illud
1563 1885 1661 1945 inter-

208 1991 323 2066 veniat,
354 1989 445 2070 quod
469 1988 602 2050 dicitur:
633 1997 709 2067 post
733 1987 960 2050 Marathonem
985 2008 1102 2071 pugna.
1147 1988 1214 2051 Sed
1245 1989 1408 2070 speranda
1438 1999 1514 2050 sunt
1537 1991 1662 2068 optima

170 2115 229 2159 rsa
251 2095 376 2156 caussis
406 2093 466 2155 illis
494 2092 797 2172 supercaelestibus,
828 2112 910 2173 quas
941 2113 999 2155 vos
1030 2094 1137 2174 magni
1168 2093 1354 2172 philosophi
1384 2113 1470 2154 nunc
1494 2094 1662 2154 enarratis.

209 2197 282 2262 Cito
306 2199 532 2278 perveniemus
555 2196 597 2258 ad
622 2197 785 2258 effectum.
832 2197 879 2258 lta
904 2197 1000 2276 plane
1024 2207 1081 2273 est,
1112 2216 1243 2276 semper
1274 2197 1394 2260 nobilia
1424 2197 1551 2276 ingenia
1575 2195 1663 2257 velut

208 2303 327 2382 stipula
350 2304 381 2364 in
404 2302 554 2365 sublimia
579 2302 756 2380 rapiuntur,
780 2301 870 2381 quod
894 2311 926 2363 et
952 2300 1128 2380 Menippus
1147 2301 1236 2379 apud
1254 2301 1437 2363 Lucianum
1454 2301 1661 2380 comprobat.

209 2405 406 2488 Quanquam
431 2408 586 2468 miramur
609 2406 814 2468 severitatem
843 2400 1088 2486 quorundam,‘·')
1121 2424 1185 2484 qua
1216 2424 1277 2466 nos
1307 2405 1549 2486 grammatistas
1580 2406 1663 2465 urbe

209 2512 331 2573 eiicitis.
370 2511 422 2573 An
445 2512 618 2572 nobiscum
643 2508 830 2571 Neroniana
853 2507 950 2571 vultis
974 2509 1160 2571 conditione
1183 2510 1299 2591 agere?
1328 2508 1528 2571 »Nolumus«
1556 2509 1664 2570 dicitis

169 2637 196 2678 so
215 2616 412 2697 »Virgilium
447 2617 569 2696 quippe
602 2634 663 2676 nec
699 2614 909 2694 pastoriciam
943 2613 1041 2675 vitam
1074 2632 1172 2694 agere
1208 2613 1424 2675 decrevimus.
1471 2613 1578 2675 Pascit
1613 2612 1664 2674 ille

209 2720 360 2800 capellas.
407 2719 571 2782 Nolumus
606 2719 800 2794 Homerum,
835 2738 895 2780 nec
930 2719 1015 2780 enim
1050 2719 1330 2799 graecissabimus.
1377 2717 1494 2780 Poetas
1529 2719 1664 2779 omnino

208 2825 413 2887 damnamus.
437 2822 664 2885 Alexandrum
688 2821 819 2884 Gallum
844 2822 1035 2884 malumus«
1072 2822 1180 2892 Recte,
1204 2824 1259 2902 qui
1282 2821 1396 2904 gallice
1420 2822 1523 2884 vultis.
1558 2821 1665 2884 Nobis

209 2949 287 2990 vero
319 2929 374 3010 qui
405 2948 540 2991 romane
570 2926 658 3008 loqui
691 2928 927 3002 contendimus,
959 2945 1043 3006 quur
1075 2946 1141 2987 uon
1169 2937 1326 3002 oratores,
1356 2946 1423 2988 non
1447 2931 1565 3006 poetas
1588 2945 1665 3005 per-

209 3034 361 3095 mittetis?
389 3032 549 3094 »Amores
573 3033 701 3107 docent,
725 3042 757 3092 et
781 3031 915 3107 studia«
943 3031 1057 3106 dicitis,
1084 3032 1353 3109 »interrumpunt
1400 3030 1469 3092 Etsi
1494 3029 1666 3092 Homerus

168 3138 269 3214 ssille,
293 3157 392 3218 quem
416 3137 580 3198 nescimus
612 3135 715 3216 qualis
738 3145 796 3211 est,
828 3135 979 3197 virtutem
1004 3135 1125 3196 docere
1149 3135 1253 3197 solam
1277 3136 1340 3197 sub
1364 3135 1511 3214 quodam
1535 3134 1666 3212 Ulyssis

208 3244 346 3306 obtentu
369 3252 519 3304 narratur
542 3262 561 3302 a
586 3240 712 3315 basilio,
736 3240 942 3320 habeturque
966 3259 1086 3319 parens
1109 3244 1292 3318 poetarum,
1315 3258 1414 3319 quem
1439 3237 1597 3322 Virgilius
1613 3238 1666 3299 hic

207 3366 375 3428 nunquam
397 3367 416 3407 a
439 3346 535 3409 nobis
565 3345 670 3406 lectus
701 3343 819 3406 dicitur
849 3363 986 3422 prorsus
1020 3344 1207 3423 exprimere
1241 3353 1274 3404 et
1305 3343 1471 3423 quandam
1496 3342 1665 3404 heroicam

207 3455 359 3514 virtutem
376 3453 507 3512 iuvenes
523 3449 653 3511 docere.
678 3446 779 3526 Quod
796 3468 864 3523 nos,
887 3468 928 3509 an
945 3467 1057 3508 verum
1074 3449 1123 3524 sit,
1146 3448 1320 3523 nescimus,
1343 3456 1452 3509 tamen
1468 3466 1666 3526 persuasum

208 3557 368 3618 habemus
397 3554 516 3636 philtra
547 3551 708 3634 quaedam
740 3572 866 3614 cauere.
912 3553 1024 3631 ltaque
1056 3551 1264 3613 decrevimus
1300 3570 1366 3612 non
1391 3550 1577 3633 legendum,
1600 3571 1666 3614 non

168 3660 461 3740 maspiciendum.«
492 3656 522 3718 Ο
546 3655 724 3718 iocularem
747 3657 941 3718 sententiam
965 3664 997 3716 et
1021 3654 1085 3716 risu
1111 3655 1242 3738 dignam
1266 3655 1522 3730 Democritian0‚
1546 3655 1666 3730 odisse,

213 3764 304 3846 quod
327 3783 394 3825 non
417 3762 531 3842 possis,
555 3762 720 3836 damnare,
743 3761 833 3841 quod
858 3760 999 3822 nesciasl
1024 3760 1162 3823 Sursum
1187 3749 1300 3822 versus
1322 3779 1492 3822 sacrorum
1516 3759 1667 3821 feruntur

215 3869 354 3941 flumina,
378 3867 498 3927 bovem
520 3865 617 3927 trahit
642 3864 833 3943 plaustrum,
857 3866 1054 3944 carpentarii
1077 3864 1264 3927 liberalibus
1287 3865 1403 3926 studiis
1427 3865 1666 3943 praescribunt.

215 3974 355 4035 Facilius
386 3971 450 4033 hoc
481 3991 500 4031 a
525 3970 658 4031 remotis
688 3969 796 4045 audie,
826 3969 926 4030 immo
957 3989 1034 4031 vero
1063 3970 1194 4031 liberius
1225 3970 1360 4046 stude0;
1394 3967 1511 4030 evolvo
1536 3966 1666 4030 Aristo·

215 4078 357 4158 phanem
381 4077 554 4150 comicum,
586 4073 677 4154 quod
708 4087 740 4134 et
768 4073 862 4135 divus
885 4072 1144 4152 chrysostomus
1174 4073 1256 4145 fecit,
1288 4074 1343 4154 qui
1373 4093 1413 4135 eo
1445 4092 1505 4151 pro
1528 4072 1666 4151 pulvillo

175 4183 377 4256 asutebatur,
402 4180 595 4255 Homerum,
619 4178 800 4240 Lucianum
828 4189 859 4239 et
883 4178 972 4253 alios,
996 4178 1124 4239 statutis
1147 4178 1273 4240 interim
1297 4178 1411 4239 vestris
1434 4176 1570 4256 longum
1596 4175 1666 4237 vale

215 4286 335 4348 dicens.
371 4285 483 4346 Audio
507 4283 749 4363 intelligentiam
772 4301 838 4342 non
862 4292 1024 4343 errantem
1049 4301 1114 4343 uon
1138 4281 1246 4342 solum
1277 4282 1447 4342 aberrasse
1470 4289 1576 4355 antea,
1606 4280 1666 4340 sed

214 4390 311 4451 etiam
327 4390 506 4450 extinctam
523 4407 603 4448 esse.
620 4384 770 4448 Pontifex
793 4405 941 4448 summus
966 4385 1148 4447 Bononiam
1166 4405 1237 4447 sese
1255 4384 1376 4465 recepit
1393 4383 1486 4446 XXII
1509 4383 1665 4463 Septem·

215 4495 281 4556 bris
305 4494 386 4555 hora
408 4491 515 4553 XXlll
544 4511 618 4552 cum
642 4489 702 4551 Xll
725 4490 952 4565 cardinalibus,
983 4488 1080 4550 XXV
1104 4490 1274 4568 episcopis,
1304 4487 1366 4550 illis
1387 4498 1470 4564 ante,
1501 4487 1551 4549 his
1576 4497 1666 4550 retro

214 4599 434 4679 pergentibus.
458 4596 688 4657 Describerem
711 4594 778 4655 tibi.
802 4595 957 4674 quicquid
983 4593 1086 4655 oculis
1110 4595 1190 4654 meis
1214 4593 1314 4668 hausi,
1338 4593 1396 4655 sed
1420 4592 1533 4654 charta
1558 4592 1666 4653 brevis

175 4715 247 4775 40et
269 4714 401 4783 tempus
424 4701 533 4763 adhuc
558 4700 654 4781 longe
678 4699 807 4761 brevius
831 4719 897 4761 non
921 4699 1113 4778 permittunt
1140 4718 1179 4759 ea
1201 4698 1259 4758 tibi
1283 4716 1429 4758 exarare.
1468 4694 1583 4774 Quare
1606 4717 1666 4757 ex-

214 4819 318 4889 pecta,
343 4808 449 4869 dicam
474 4806 600 4885 plenius
624 4823 746 4877 coram,
769 4823 853 4884 quae
876 4822 943 4866 non
965 4803 1090 4884 ingrate
1106 4801 1215 4863 forsan
1233 4802 1357 4864 audies.
1382 4798 1537 4863 Ceterum
1562 4820 1666 4862 unum

215 4911 293 4974 illud
325 4913 394 4974 iure
424 4910 586 4972 amicitiae
617 4921 704 4988 pet0,
735 4919 770 4970 ut
802 4909 888 4970 hunc
919 4907 1086 4988 dialogum
1118 4907 1161 4967 ita
1192 4906 1280 4985 apud
1312 4916 1345 4968 te
1368 4916 1488 4981 teneas,
1521 4924 1564 4966 ne
1588 4905 1666 4966 mihi

214 5037 333 5079 nocere
358 5016 470 5094 possit.
494 5014 658 5076 Utrolibet
682 5024 781 5093 pacto
809 5033 849 5075 eo
872 5021 966 5073 utare
990 5010 1097 5072 licebit
1120 5009 1218 5071 veluti
1242 5009 1405 5090 Delphico
1434 5009 1554 5091 gladio.
1594 5006 1666 5071 Scis

302 5238 321 5298 ¹)
340 5237 399 5289 'lah
413 5238 457 5288 ma
472 5225 512 5290 ll.
525 5238 573 5287 nas
588 5237 632 5287 ma
646 5236 695 5287 zde
710 5252 828 5287 mezeru.
841 5235 941 5288 Odkud
955 5234 1073 5301 Piseclry'
1087 5240 1164 5285 tento
1178 5232 1333 5300 nespravny'·
1346 5231 1429 5283 senat
1441 5231 1542 5298 serpat,
1563 5231 1666 5282 nevhn⁴

302 5342 322 5408 ²)
341 5329 371 5393 lt.
391 5342 482 5394 nema.
