3674 5858
588 402 646 455 XII.
666 402 760 459 Racelr
784 404 854 475 Janu
879 403 1114 463 zWartenberlu
1134 404 1209 457 1499.

867 717 938 781 Xll.

529 856 675 929 Racek
697 856 851 950 Janovi
883 881 905 929 z
934 857 1258 932 Wartenberka.

273 1041 295 1093 ν
316 1021 400 1096 irrms
423 1043 511 1098 reso
532 1072 563 1082 -
583 1057 620 1099 n·
642 1042 793 1099 utonem
824 1044 929 1114 aaauje
952 1063 982 1098 se
1007 1045 1106 1115 zjeno
1130 1047 1273 1116 pratelstvr'
1298 1047 1471 1100 nezanum.
1502 1046 1626 1100 osoun

170 1127 343 1190 studentsloe,
361 1145 378 1181 o
398 1128 442 1181 nti
462 1146 509 1182 mu
526 1130 577 1199 Jan
596 1130 662 1198 psal,
681 1147 733 1183 ao
751 1131 880 1185 odchodu
899 1133 1040 1201 mnolry‘ch
1065 1150 1079 1186 z
1099 1134 1225 1186 Bononie
1244 1134 1333 1197 soudl,
1356 1132 1388 1186 ie
1406 1132 1492 1185 doble
1511 1135 1626 1200 udetatt;

169 1216 214 1269 ale
233 1216 294 1282 ltpe
313 1216 362 1283 pry'
380 1217 439 1286 Jan,
458 1216 536 1287 litery
554 1219 642 1270 zustal
658 1226 713 1270 tam
728 1219 813 1271 kvnti
827 1219 925 1272 svdmu
938 1221 1073 1273 vzdllldnl.
1093 1218 1226 1274 Konedne
1237 1220 1340 1289 zprdvu
1353 1219 1432 1283 davd,
1452 1220 1484 1273 le
1503 1221 1626 1289 papeisti

172 1302 269 1370 dobyli
288 1304 383 1373 lmoly.
412 1303 493 1370 (List.
511 1304 567 1357 risr.
587 1305 634 1358 tls.
655 1304 750 1376 XVII.)

259 1531 443 1597 Rodericus
473 1534 650 1598 Dubravus
675 1532 790 1617 loanni
814 1534 1109 1620 Werterbergensi,
1139 1537 1331 1617 praeposito
1354 1534 1507 1620 Pragensi
1539 1558 1564 1600 s.
1596 1537 1627 1599 d.

168 1630 342 1715 Quantum
366 1638 398 1701 in
415 1657 468 1703 me
491 1639 559 1716 luit,
581 1640 629 1702 vir
651 1640 838 1716 clarissime,
861 1659 902 1703 ne
924 1641 1034 1722 aliqua
1053 1640 1096 1703 de
1118 1659 1218 1704 causa
1241 1641 1444 1703 constantiae
1466 1640 1627 1715 deessem,

169 1760 385 1821 summopere
407 1755 547 1807 conatus
569 1760 643 1807 sum
666 1744 804 1808 efficere.
828 1743 965 1825 Semper
987 1763 1064 1807 eum
1088 1744 1254 1807 hominem
1277 1765 1353 1808 vere
1376 1744 1504 1808 lelicem
1526 1753 1627 1826 atque

171 1844 307 1908 beatum
337 1866 411 1909 sum
438 1849 625 1924 arbitratus,
654 1848 766 1929 quiin
794 1849 894 1912 rebus
924 1847 1078 1912 secundis
1109 1859 1141 1911 et
1171 1849 1214 1911 ad
1245 1859 1393 1911 nostram
1423 1847 1626 1929 voluptatem

172 1947 351 2012 liuentibus
367 1951 578 2015 moderatum
601 1973 637 2015 se
658 1962 773 2033 posset
796 1953 956 2035 praebere
972 1953 1226 2034 improbamque
1245 1951 1411 2015 fortunam
1425 1953 1535 2015 animo
1551 1951 1627 2015 lorti
1652 1977 1667 2019 s

169 2053 321 2116 tolerare.
346 2053 394 2130 Id,
417 2064 594 2138 postquam
610 2067 685 2119 tuas
707 2057 821 2136 accepi
845 2055 979 2133 litteras,
1001 2057 1133 2119 minime
1151 2057 1283 2137 assequi
1307 2057 1408 2137 potui,
1430 2075 1627 2136 nemusque

169 2156 258 2218 adeo
281 2177 354 2220 sum
379 2158 499 2222 laetitia
521 2159 634 2237 elatus,
663 2179 763 2242 quam
786 2180 830 2224 ex
852 2161 919 2223 tuis
941 2160 1055 2223 litteris
1078 2161 1220 2241 percepi,
1250 2172 1286 2223 ut
1309 2180 1407 2224 nemo
1431 2169 1526 2236 esset,
1549 2161 1627 2242 quin

171 2261 225 2323 'me
248 2261 433 2325 instabilem
448 2273 482 2325 et
497 2263 661 2327 infirmum
685 2264 796 2328 dicere
812 2265 959 2342 auderet,
982 2264 1103 2346 quibus
1118 2264 1264 2327 intellexi
1287 2273 1321 2326 te
1343 2262 1495 2346 singulari
1511 2263 1626 2326 huma-

171 2366 273 2429 nitate
287 2376 387 2447 atque
408 2368 590 2432 incredibili
613 2367 831 2432 benivolentia
851 2388 904 2430 me
926 2388 1000 2431 esse
1023 2368 1246 2449 complexum.
1270 2366 1322 2431 Eo
1339 2370 1444 2432 maior
1459 2377 1530 2431 erat
1545 2369 1626 2431 haec

171 2468 301 2547 laetitia,
331 2473 487 2553 quoniam
511 2473 619 2536 studia
641 2483 719 2536 tuae
742 2473 868 2536 virtutis
897 2483 997 2555 atque
1021 2472 1192 2536 doctrinae
1215 2473 1414 2554 optimarum
1442 2473 1560 2535 artium
1583 2473 1626 2536 ad
1641 2495 1667 2540 ro

170 2572 225 2636 illa
247 2575 419 2656 superiora
436 2577 610 2641 accedunt.
634 2577 807 2640 Praeterea
829 2595 896 2640 non
919 2575 1027 2658 aliqua
1042 2576 1181 2640 utilitate
1204 2576 1249 2638 rei
1271 2575 1446 2653 familiaris,
1470 2578 1626 2659 quoniam

171 2698 239 2742 non
262 2681 371 2761 parvis
385 2680 538 2744 abundas
553 2681 772 2758 facultatibus,
795 2691 831 2744 ut
846 2701 900 2744 me
915 2691 971 2744 tua
988 2678 1204 2744 benivolentia
1220 2682 1439 2761 prosequaris,
1462 2681 1627 2744 adductus

169 2804 216 2860 es,
239 2784 309 2860 sed,
339 2795 375 2847 ut
397 2795 475 2848 tuae
497 2796 634 2848 naturae
658 2785 795 2848 bonitati
822 2785 1025 2867 obsequaris,
1051 2784 1084 2847 id
1106 2794 1140 2847 te
1163 2783 1279 2848 iecisse
1301 2785 1465 2848 existimo.
1498 2785 1627 2848 Paucos

171 2898 248 2951 ante
279 2888 349 2951 dies
372 2888 414 2951 ad
445 2898 478 2951 te
508 2887 585 2952 dedi
609 2888 749 2967 litteras;
780 2909 821 2952 an
844 2890 902 2952 tibi
933 2888 1081 2952 redditae
1111 2891 1184 2964 sint,
1213 2907 1280 2951 non
1309 2888 1388 2953 satis
1418 2899 1626 2970 compertum

170 2991 297 3069 habeo,
321 3011 397 3055 cum
420 2991 481 3054 illis
504 2993 576 3055 misi
598 2992 641 3055 ad
665 2992 843 3074 plerosque
865 2992 944 3055 mihi
967 2991 1182 3055 familiaritate
1205 3002 1305 3074 atque
1328 2994 1428 3055 veteri
1451 3004 1611 3057 consuetu
1642 3016 1666 3058 rs

170 3095 248 3158 dine
271 3097 476 3159 coniunctos.
503 3095 598 3177 Quae
621 3096 664 3159 de
687 3096 960 3160 scholasticorum
983 3097 1083 3159 turba
1105 3097 1229 3174 scribis,
1252 3117 1290 3158 ea
1314 3107 1388 3159 sunt
1413 3097 1491 3160 milri
1513 3098 1626 3160 iocun-

171 3200 320 3277 dissima;
337 3219 482 3285 saneque
499 3200 680 3280 prudenter
695 3199 851 3275 lecerunt,
865 3208 899 3263 et
913 3199 1041 3262 utilitati
1057 3209 1089 3262 et
1105 3201 1222 3263 honori
1240 3203 1366 3279 optime
1381 3200 1626 3264 consuluerunt.

172 3302 234 3366 Est
255 3305 343 3367 enim
365 3305 450 3367 iusta
473 3314 573 3386 atque
596 3305 735 3367 honesta
758 3304 911 3367 manendi
934 3303 1065 3367 occasio
1081 3304 1203 3367 amoris
1219 3302 1524 3385 benivolentiaeque
1547 3326 1626 3368 con·

170 3410 310 3486 iuncti03
334 3410 361 3472 si
383 3429 463 3472 vero
484 3408 587 3471 multa
606 3409 797 3489 impendere
816 3407 1021 3484 videbantur,
1045 3418 1080 3471 ut
1100 3407 1237 3470 salutem
1262 3427 1355 3470 suam
1378 3408 1475 3471 nullis
1490 3408 1626 3492 legibus

170 3514 270 3577 nullis
293 3514 418 3577 iuribus
442 3514 609 3576 custodire
632 3514 824 3595 potuissent,
848 3523 943 3575 caute
967 3512 1185 3591 consulteque
1201 3512 1352 3593 egissent,
1375 3514 1402 3574 si
1425 3512 1667 3592 prosectionem

170 3619 268 3681 saluti
291 3638 371 3682 suae
394 3617 610 3681 consulerent.
634 3617 701 3681 Sed
725 3618 803 3680 mihi
824 3617 1026 3698 persuadere
1048 3636 1115 3679 non
1139 3634 1284 3695 possum,
1308 3636 1407 3697 quam
1430 3617 1547 3679 urbem
1570 3618 1627 3680 viri

170 3722 381 3786 eruditissimi
403 3721 558 3797 incolunt,
580 3741 654 3783 eam
677 3722 745 3784 sine
762 3721 896 3803 legibus,
919 3722 988 3783 sine
1010 3720 1145 3797 iudiciis,
1168 3720 1236 3781 sine
1260 3720 1330 3781 iure
1352 3720 1504 3796 existere,
1527 3721 1627 3782 scele-

171 3838 320 3891 ratorum
336 3845 375 3889 ac
391 3826 595 3908 perditorum
613 3825 784 3887 hominum
800 3825 1006 3887 latrocinium
1021 3842 1089 3886 non
1106 3823 1271 3885 cohibere.
1293 3821 1390 3884 Nulla
1406 3823 1484 3884 mihi
1500 3824 1627 3887 inicitur

169 3929 344 4006 dubitatio,
367 3931 446 4012 quin
468 3930 600 3993 cuilibet
618 3930 702 3991 bene
725 3938 856 3992 morato
876 3938 908 3991 et
932 3929 1016 3990 bene
1039 3929 1218 3991 constituto
1242 3928 1282 3988 sit
1305 3928 1336 3989 in
1352 3948 1391 3990 ea
1415 3928 1497 3990 urbe
1520 3928 1626 4007 locus;

171 4034 275 4118 quod,
296 4035 323 4098 si
347 4035 402 4116 qui
425 4043 509 4110 sunt,
539 4035 596 4115 qui
620 4053 655 4096 se
678 4032 866 4095 hominibus
888 4031 1017 4095 nelariis
1040 4033 1252 4114 coniungunt,
1282 4050 1380 4110 quam
1405 4031 1668 4110 periculosumss

171 4141 212 4201 sit
236 4141 325 4203 cives
347 4140 379 4200 in
402 4138 517 4201 odium
540 4157 637 4201 suum
661 4137 837 4212 adducere,
859 4157 903 4197 ex
919 4156 996 4198 casu
1020 4136 1154 4198 alterius
1177 4155 1380 4216 cognoscere
1403 4147 1552 4215 possunt.
1574 4136 1627 4198 Tu

171 4243 279 4306 multo
307 4243 437 4326 gravius
466 4252 565 4323 atque
596 4242 790 4322 prudentius
820 4240 985 4303 instituisti
1012 4260 1079 4303 non
1109 4260 1153 4301 ex
1183 4260 1222 4301 ea
1245 4239 1328 4301 urbe
1351 4240 1477 4314 cedere,
1505 4241 1628 4321 inqua

169 4347 304 4412 doctior
333 4357 367 4410 et
388 4347 595 4428 eloquentior
626 4346 693 4407 fieri
717 4345 833 4424 possis,
862 4343 1015 4406 nimirum
1038 4353 1114 4405 tuae
1144 4343 1253 4405 virtuti
1285 4343 1438 4405 confisus.
1472 4344 1519 4406 Es
1542 4346 1629 4407 enim

170 4453 228 4529 vir,
252 4450 371 4532 quide
393 4451 597 4528 instantibus,
620 4459 656 4512 ut
678 4448 782 4529 inquit
797 4446 1022 4526 Thucydides,
1044 4447 1211 4509 verissime
1233 4447 1368 4524 iudicas,
1391 4457 1424 4509 et
1447 4448 1490 4510 de
1512 4447 1629 4511 futuris

168 4556 379 4620 callidissime
395 4556 527 4617 conicis.
551 4552 646 4632 Quae
665 4553 717 4615 hic
734 4561 884 4633 aguntur,
908 4551 934 4613 si
949 4558 1058 4613 essent
1074 4560 1258 4613 memoratu
1275 4552 1372 4632 digna
1387 4560 1446 4614 aut
1461 4551 1667 4615 delectarere

168 4671 317 4743 possent,
348 4660 398 4722 his
420 4670 452 4721 te
475 4659 649 4720 certiorem
673 4657 825 4718 facerem.
860 4654 999 4718 lmolam
1021 4655 1053 4716 in
1077 4655 1239 4734 pontilicis
1271 4656 1405 4717 maximi
1430 4665 1627 4734 potestatem

168 4766 308 4840 venisse,
331 4775 367 4826 ut
390 4764 502 4843 opinio
534 4782 607 4824 mea
630 4761 699 4836 lert,
729 4779 797 4823 non
819 4769 852 4821 te
875 4758 992 4840 lugit.¹)
1025 4757 1077 4820 De
1101 4778 1182 4838 pace
1206 4758 1439 4837 componenda
1461 4779 1528 4823 non
1551 4761 1629 4822 satis

166 4871 307 4952 planum
331 4867 480 4931 traditur.
506 4866 551 4929 Ut
573 4865 671 4928 finem
695 4863 821 4941 laciam,
842 4871 970 4925 tantum
991 4882 1052 4939 me,
1075 4882 1174 4943 quem
1198 4863 1285 4925 soles
1307 4883 1426 4940 amare,
1448 4864 1506 4926 tibi
1530 4864 1628 4944 pluri·

166 4994 265 5039 mum
289 4972 498 5036 commendo.
523 4970 616 5033 Vale.

166 5128 383 5142 -ῌῠ--ύυι

262 5218 283 5284 ¹)
302 5216 387 5270 lmola
407 5215 510 5286 dobyta
531 5217 552 5266 l.
572 5230 645 5282 pros.
665 5209 741 5274 1499,
760 5215 839 5279 proto
858 5208 985 5262 klademe
1004 5208 1052 5261 list
1075 5214 1153 5261 tento
1176 5223 1211 5259 na
1230 5206 1319 5260 lronec
1338 5204 1420 5260 tehol
1439 5207 1516 5260 rolru.
