3674 5858
211 431 246 484 52
661 432 780 502 Praecly
798 432 949 486 Michalovi
968 449 1000 487 ze
1019 434 1114 488 Strale
1134 434 1210 487 1510.

211 663 310 722 quam
333 644 391 704 tibi
415 643 581 705 transferri
597 643 699 722 cupis,
722 645 748 705 si
764 663 831 705 non
847 645 1025 726 incongrua
1041 657 1143 726 petas.
1167 645 1237 729 Ego
1253 666 1341 723 vero,
1364 647 1498 709 domine
1516 645 1642 709 Michad

211 760 247 809 ut
270 768 383 810 verum
407 749 548 829 ingenue
563 746 673 823 fatear,
695 748 727 808 in
744 747 830 809 illam
847 750 1047 827 provinciam
1064 751 1298 832 interpretandi
1315 752 1447 813 minime
1463 752 1643 814 descender

211 852 328 913 audeo.
351 850 489 931 Scripsit
512 851 554 913 ad
572 871 624 912 me
641 850 796 912 Matthias
813 853 967 914 carminis
984 873 1084 928 more,
1107 856 1196 935 quod
1217 875 1279 937 ego
1296 875 1362 917 non
1377 865 1496 916 exacte
1513 854 1643 936 intelligi

211 955 287 1017 lllea
311 957 430 1018 etenim
455 956 570 1036 pusilla
594 955 646 1016 illa
669 955 852 1018 admodum
877 957 1026 1032 eruditi0,
1054 978 1138 1038 quae
1161 959 1269 1039 aliqua
1293 978 1336 1019 ex
1360 968 1454 1038 parte
1477 958 1643 1020 Homerus

182 1060 273 1121 aiam
298 1061 550 1139 contemplatur,
581 1059 729 1122 nondum
760 1081 801 1122 eo
826 1062 960 1140 peritiae
983 1063 1077 1138 venit,
1109 1072 1144 1124 ut
1168 1062 1220 1124 illa
1242 1063 1364 1142 scripta
1387 1062 1553 1144 intelligat.
1592 1061 1642 1144 Eg

209 1164 264 1225 vix
288 1165 319 1225 in
343 1163 538 1241 vestibulo¹l
562 1162 693 1225 Atticae
717 1165 883 1246 ingressus
907 1164 1067 1228 lllathiam
1091 1186 1157 1227 non
1181 1185 1336 1248 agnosco,
1360 1167 1415 1245 qui
1440 1163 1490 1247 (ut
1514 1166 1567 1227 illa
1590 1186 1643 1227 car

210 1270 297 1329 mina
321 1269 559 1343 demonstrant)
584 1276 722 1343 montes
745 1280 779 1330 ut
804 1268 931 1343 dicitur,
955 1268 1087 1331 Atticos
1109 1269 1321 1332 transcendit.
1360 1268 1531 1349 Quantum
1554 1282 1643 1332 auter

210 1391 339 1434 summa
361 1391 440 1433 nare
464 1370 605 1433 olfacere
628 1392 773 1452 possum,
797 1371 952 1434 laudibus
975 1392 1028 1435 me
1044 1374 1200 1449 cumulat,
1224 1395 1306 1456 quas
1322 1394 1385 1456 ego
1409 1385 1444 1436 ut
1460 1394 1528 1436 non
1548 1375 1644 1455 probi

209 1476 251 1537 ita
283 1496 343 1537 nec
367 1475 529 1537 desidero,
575 1473 675 1553 Quod
705 1471 801 1557 tecm)
833 1477 935 1553 inea,
962 1498 1062 1558 quam
1092 1479 1233 1541 adeum
1266 1479 1379 1553 direxi,
1410 1479 1558 1559 epistola,
1588 1479 1640 1540 nih

173 1598 198 1639 ιο
211 1581 318 1641 minus
342 1600 439 1661 quam
463 1579 513 1641 vel
531 1579 630 1641 docta
647 1579 696 1640 vel
714 1579 862 1661 eleganti,
886 1600 970 1660 quae
986 1581 1044 1642 tibi
1061 1601 1119 1643 cur
1135 1592 1308 1662 tantopere
1324 1582 1480 1645 translata
1488 1582 1512 1663 ³)
1530 1582 1643 1662 placea

211 1704 277 1746 non
308 1684 413 1760 video,
448 1684 507 1745 nisi
538 1683 590 1745 ille
621 1684 868 1764 interpretando
902 1685 1083 1747 adventitio
1115 1706 1187 1748 eam
1219 1686 1415 1749 coloraverit
1448 1697 1577 1762 ornatu,
1611 1707 1643 1767 qi

210 1787 340 1868 poetica
363 1798 431 1849 tam
455 1798 573 1850 exacte
604 1787 709 1858 callet,
742 1799 777 1850 ut
808 1808 870 1869 ego
899 1789 942 1850 illi
974 1790 1178 1869 respondere
1205 1811 1272 1852 non
1299 1790 1449 1853 audeam.
1495 1788 1643 1872 Georgii·

211 1893 372 1973 professio
396 1893 473 1954 mihi
496 1913 562 1955 non
587 1892 755 1971 probatur.
801 1891 1027 1967 Subvereorl'l
1055 1897 1151 1972 enim,
1182 1915 1222 1956 ne
1248 1895 1338 1958 illum
1363 1895 1497 1957 tandem
1522 1896 1593 1957 eius
1616 1900 1643 1973 [v

211 1998 320 2060 dicere
343 1998 476 2074 solenti
500 1998 722 2059 conversionis
745 1998 944 2076 poenitentia
968 1998 1094 2060 subeat.
1120 1999 1161 2061 Et
1178 1998 1335 2079 prolecto,
1359 2001 1385 2060 si
1404 1998 1530 2060 ltaliam
1545 1998 1643 2060 meliu

168 2117 193 2159 15
207 2100 384 2173 lustrasset,
396 2101 421 2162 si
436 2101 585 2176 Romam,
598 2101 653 2161 ubi
666 2100 823 2162 cathedra
835 2100 920 2162 Petri
933 2103 1041 2181 posita
1055 2113 1113 2178 est,
1127 2123 1199 2164 sese
1212 2102 1412 2175 contulisset,
1426 2102 1643 2185 diligenterqu

209 2206 319 2268 omnia
343 2205 579 2285 perpendisset,
603 2224 670 2285 quo
694 2204 726 2265 in
749 2205 882 2266 cardine
905 2216 1084 2282 versantur,
1109 2207 1134 2268 si
1158 2208 1243 2268 abici
1266 2207 1296 2268 in
1313 2207 1438 2268 mundo
1462 2216 1494 2268 et
1518 2227 1586 2269 non
1609 2226 1643 2266 ea

209 2308 301 2369 altari
326 2309 489 2385 voluisset,
520 2328 688 2388 nunquam
719 2306 854 2369 forsitan
884 2308 963 2370 illud
992 2311 1199 2389 suscepisset.
1246 2309 1409 2389 Equidem
1440 2308 1520 2371 illud
1554 2309 1640 2372 fateo

209 2412 300 2492 quod
325 2414 446 2488 sentio;
470 2412 503 2475 id
524 2414 638 2488 sentio,
665 2412 756 2492 quod
780 2432 823 2473 ex
848 2412 958 2474 multis
981 2432 1161 2494 cognosco.
1207 2413 1308 2494 Quod
1332 2415 1374 2476 ad
1398 2424 1430 2474 te
1453 2415 1577 2485 attinet,
1601 2434 1643 2477 no

210 2536 347 2597 possum
370 2536 436 2579 non
466 2517 594 2590 tristari,
625 2536 690 2578 non
721 2515 843 2580 dolere.
875 2536 940 2578 non
965 2517 1122 2597 conqueri
1150 2536 1249 2595 super
1281 2516 1334 2578 illa
1365 2519 1546 2579 rusticitate
1570 2518 1640 2579 cavi

170 2637 197 2678 au
212 2620 346 2682 lantium
371 2630 403 2682 et
426 2620 680 2682 obtrectantium
705 2621 778 2697 tibi;
804 2640 868 2700 qua
892 2619 1026 2681 forsitan
1049 2621 1164 2695 evenit,
1187 2631 1223 2682 ut
1246 2622 1310 2682 mei
1333 2621 1511 2703 indigueris
1535 2621 1643 2684 consil:

211 2724 301 2804 quod
325 2725 423 2786 etiam
447 2725 601 2804 precibus
626 2724 799 2785 contendis
823 2734 1031 2804 extorquere.
1074 2723 1120 2785 At
1144 2725 1300 2804 quoniam
1323 2744 1416 2786 sacra
1439 2744 1492 2785 res
1517 2736 1567 2787 est
1591 2745 1643 2787 coi

210 2827 325 2901 silium,
356 2838 391 2890 ut
415 2828 562 2889 Luciano
586 2828 702 2907 placet,
734 2848 794 2890 nec
818 2827 914 2889 illotis
945 2827 1088 2905 pedibus
1111 2828 1273 2904 adeunda,
1304 2827 1419 2889 vellem
1451 2827 1643 2906 profectoa

209 2952 250 2995 eo
274 2933 500 3010 supersedere,
524 2933 583 2994 nisi
607 2952 659 2993 me
683 2943 739 2994 tua
762 2933 901 2993 amicitia
916 2931 965 2993 vel
982 2933 1116 2993 invitum
1134 2932 1267 3013 redigat.
1293 2931 1478 2993 Maximum
1494 2941 1554 3007 est,
1575 2952 1643 3012 quo

208 3056 251 3098 ex
275 3056 327 3098 me
351 3037 491 3118 quaeris.
515 3032 582 3097 Sed
607 3056 707 3115 parce
731 3034 815 3105 mihi,
845 3056 865 3096 ο
888 3036 1001 3111 amice,
1033 3037 1058 3096 si
1082 3036 1124 3096 ita
1148 3036 1206 3096 tibi
1231 3034 1362 3097 dixero:
1394 3035 1552 3115 exemplo
1576 3036 1643 3097 disc

169 3157 293 3202 remeo.
318 3140 405 3202 Nam
429 3142 455 3202 si
479 3141 604 3202 amicus
628 3151 677 3201 est
701 3139 782 3201 alter
805 3158 877 3220 eg0,
900 3140 1007 3200 anima
1031 3160 1090 3201 sua
1113 3138 1189 3201 nihil
1217 3138 1347 3201 charius
1370 3139 1532 3218 quispiam
1558 3139 1643 3200 habe

211 3244 306 3306 Tunc
322 3254 355 3306 te
371 3245 543 3306 certiorem
561 3244 707 3318 reddam,
731 3263 833 3324 quum
851 3244 930 3323 ipse,
955 3243 1032 3323 quid
1050 3245 1090 3304 sit
1107 3243 1278 3322 optimum,
1301 3242 1418 3303 melius
1442 3243 1643 3324 investigand

211 3368 419 3431 cognoscam.
453 3348 536 3410 Rem
561 3348 734 3410 literariam
758 3348 883 3430 negligi,
908 3347 970 3409 dici
994 3366 1060 3408 non
1083 3356 1202 3428 potest,
1226 3356 1262 3408 ut
1285 3345 1393 3409 doleo
1426 3345 1523 3408 Unde
1548 3348 1643 3408 mirm

211 3462 270 3528 est,
294 3472 397 3533 quum
428 3472 486 3532 per
509 3462 559 3513 tot
583 3452 701 3514 heroas
728 3453 886 3513 iacturam
910 3453 1076 3528 sustineat,
1107 3452 1279 3532 quomodo
1304 3471 1361 3529 per
1385 3471 1437 3512 me
1460 3461 1643 3530 postremur

211 3556 345 3618 relevari
368 3576 468 3637 posse
492 3556 644 3631 ereditur,
675 3557 717 3618 de
749 3576 815 3635 quo
847 3556 924 3617 illud
950 3554 1072 3637 recte⁷l
1104 3557 1254 3635 usurpari
1286 3565 1409 3634 posset,
1441 3555 1533 3635 quod
1558 3554 1643 3617 hleni

171 3677 198 3718 ³0
212 3660 328 3722 demus
351 3661 440 3739 apud
465 3660 676 3722 Plutarchum
693 3660 746 3737 ait,
772 3659 953 3738 permultos
969 3658 1117 3721 Athenas
1134 3660 1242 3721 venire
1258 3659 1356 3721 studii
1373 3680 1482 3729 causa,
1506 3660 1643 3738 principi

211 3765 381 3843 sapientes,
413 3765 531 3826 deinde
555 3764 780 3844 philosophos,
809 3764 928 3826 deinde
960 3763 1141 3839 rhethoras,
1172 3774 1342 3842 postremo
1373 3762 1492 3825 idiotas
1516 3764 1643 3824 evader-

211 3866 396 3931 Scriberem
428 3868 526 3930 etiam
558 3867 715 3946 pluribus,
749 3869 808 3930 nisi
839 3879 1007 3947 oporteret
1038 3887 1098 3943 me,
1132 3867 1415 3948 quemadmodum
1449 3877 1642 3930 oratoresa

211 3992 330 4052 aquam
355 3972 472 4047 dicere,
503 3973 549 4033 sic
580 3992 632 4032 me
662 3972 704 4033 ad
737 3972 883 4034 chartam
907 3972 1059 4041 seribere,
1091 3973 1148 4032 etsi
1179 3971 1265 4032 istud
1290 3972 1455 4032 dictabam
1486 3981 1579 4033 tanto
1604 3991 1641 4032 su

212 4087 312 4148 aestu,
336 4084 371 4136 ut
394 4076 520 4137 vultum
544 4076 647 4137 sudor
671 4077 882 4154 occupaverit
906 4096 1023 4155 meque
1040 4076 1185 4136 nonnihil
1209 4076 1240 4136 in
1257 4075 1427 4137 exarando
1451 4075 1643 4154 impediveri

172 4178 264 4240 ao'lu
290 4180 384 4261 igitur
407 4180 530 4259 accipe,
562 4179 652 4259 quod
684 4179 826 4254 volebas,
860 4180 996 4258 ineptias
1027 4180 1104 4240 istas
1128 4198 1243 4241 omnes
1267 4180 1323 4240 tibi
1348 4190 1523 4258 acceptum
1549 4179 1643 4241 refer<

214 4282 305 4343 Vale.
328 4282 444 4363 Jonam
470 4283 613 4351 saluta.⁸l
639 4283 786 4344 inserere
809 4285 866 4344 tibi
891 4303 1007 4364 graeca
1031 4282 1135 4357 volui;
1159 4304 1194 4344 es
1218 4284 1303 4344 enim
1320 4303 1457 4364 magnus
1473 4284 1643 4344 ammirato

302 4524 319 4588 ¹)
337 4509 373 4573 R:
393 4521 569 4574 vestibulum.

300 4626 319 4689 2)
338 4611 375 4677 lt:
395 4624 468 4678 recu.

299 4729 320 4793 'l
337 4730 396 4798 Jest
414 4736 442 4781 to
462 4728 564 4797 nejspls
585 4734 651 4781 nase
670 4730 739 4782 dislo
759 4731 831 4783 XlV.

297 4833 317 4901 ⁴)
335 4835 378 4887 Na
395 4837 487 4886 strand
507 4833 636 4901 piipsdno
657 4837 741 4886 rulrou
761 4834 918 4887 soudobou:
938 4835 1054 4887 Suwius.
1072 4835 1131 4902 Jest
1145 4842 1174 4885 to
1188 4834 1290 4902 zndmy'
1305 4833 1433 4901 odpadllk
1452 4834 1488 4886 Μ.
1510 4833 1559 4902 Jiil
1573 4832 1643 4885 Sovl

211 4938 226 4973 z
246 4922 405 4973 chrudime.

300 5025 319 5092 r.)
338 5012 374 5077 lt:
394 5025 502 5077 Timeo.

298 5128 321 5196 6)
340 5117 374 5180 lt:
396 5131 476 5180 soles

300 5232 320 5298 ⁷)
340 5220 376 5283 lt:
397 5241 479 5285 certe.

301 5335 321 5406 ⁸)
340 5323 363 5389 l<
382 5338 478 5389 tohoto
498 5338 665 5406 pozdravenl
685 5338 775 5389 nemi.
