3674 5858
295 374 331 428 te
656 377 708 449 Jrur
726 362 838 431 Sicchta
856 378 1002 432 Erasmovi
1022 378 1289 433 Rourodrmukemu
1308 378 1384 432 1519.

296 583 450 647 idoneum
479 605 686 666 seponamus,
710 588 765 648 ubi
787 598 827 661 te,
859 606 933 649 cum
960 587 1011 650 hic
1034 587 1100 650 lieri
1124 608 1189 650 non
1220 590 1332 670 potuit,
1362 589 1426 651 alio
1449 590 1522 651 loco
1545 599 1577 651 et
1600 600 1751 669 tempore

296 689 494 753 concedente
517 689 650 752 domino
674 693 913 753 conveniamus.
943 690 1042 771 Quod
1058 703 1174 760 ,autem
1198 694 1301 773 patria
1323 704 1433 755 nostra
1456 694 1488 754 in
1511 693 1590 755 alias
1612 712 1752 776 pergen-

295 795 380 854 tibus
402 794 547 876 regiones
570 806 658 856 certo
674 797 831 857 comitatu
846 807 879 856 ct
894 795 1145 858 conductoribus
1168 798 1344 860 securitatis
1368 799 1470 879 gratia
1492 797 1622 881 indiget,
1645 798 1754 858 mirari

294 897 336 972 id,
366 898 469 959 amice
502 898 693 974 charissime,
723 899 860 975 desines,
891 901 917 961 si
948 901 989 962 ab
1012 903 1101 963 omni
1130 912 1222 981 parte
1253 900 1359 964 arduis
1381 910 1414 964 et
1435 903 1467 962 in
1491 901 1593 964 altum
1614 920 1753 981 surgen-

268 1016 282 1057 5
295 1003 381 1064 tibus
403 1002 568 1065 montibus
582 1003 731 1066 vallatam
747 1004 1008 1084 densissimisque
1032 1003 1117 1066 silvis
1140 1025 1178 1067 ac
1193 1007 1335 1085 proceris
1349 1006 1520 1068 arboribus
1536 1006 1598 1068 late
1615 1007 1752 1068 circum·

295 1118 423 1187 septam
453 1126 640 1191 cognosces,
672 1108 784 1189 quales
814 1108 845 1170 in
875 1108 952 1170 silva
981 1106 1119 1188 Ercynia
1148 1127 1246 1188 saepe
1276 1110 1393 1173 multas
1420 1109 1527 1172 videre
1549 1112 1689 1189 potuisti,
1721 1111 1753 1171 in

296 1231 361 1292 qua
384 1212 630 1292 frequentissimi
654 1223 854 1295 grassatores
877 1211 1101 1276 delitescentes
1123 1223 1158 1275 et
1179 1212 1286 1276 aditus
1301 1215 1426 1276 viarum
1442 1213 1630 1274 obsidentes
1652 1231 1754 1293 saepe

296 1314 397 1379 multa
428 1316 548 1379 damna
577 1317 752 1379 viatoribus
783 1317 887 1378 minus
921 1320 1022 1379 cautis
1051 1319 1193 1380 maxime
1226 1336 1304 1379 vero
1337 1318 1569 1380 mercatoribus
1604 1317 1753 1390 inferunt,

294 1420 468 1484 nonnullos
497 1440 574 1484 vero
597 1440 664 1485 non
687 1421 794 1485 solum
825 1422 921 1484 rebus
950 1421 1009 1483 sed
1042 1434 1074 1484 et
1096 1423 1159 1484 vita
1182 1421 1329 1501 spoliant.
1364 1420 1407 1484 Et
1428 1423 1577 1502 quamvis
1599 1421 1665 1482 fere
1688 1423 1752 1483 sin-

257 1539 283 1581 1⁰
294 1525 376 1607 gulis
405 1528 570 1589 mensibus
601 1546 643 1588 ex
672 1528 781 1588 vicinis
811 1525 945 1588 urbibus
972 1536 1004 1588 et
1028 1526 1157 1606 oppidis
1181 1524 1321 1587 infinitos
1351 1525 1383 1587 id
1406 1544 1510 1608 genus
1533 1523 1672 1587 latrones
1695 1543 1750 1585 ca·

300 1633 398 1710 piant,
423 1643 455 1695 et
471 1634 558 1694 vario
581 1629 810 1711 suppliciorum
826 1642 858 1693 et
873 1632 985 1693 mortis
1008 1649 1125 1715 genere
1148 1630 1342 1710 disperdant,
1364 1647 1532 1709 nunquam
1555 1640 1662 1691 tamen
1685 1639 1753 1689 tam

297 1738 514 1816 perniciosum
536 1745 569 1797 et
592 1737 728 1797 noxium
751 1736 958 1797 seminarium
981 1745 1014 1797 et
1037 1736 1188 1815 extirpari
1212 1745 1244 1796 et
1266 1733 1416 1797 radicitus
1437 1733 1529 1796 evelli
1552 1744 1668 1813 potest,
1692 1732 1752 1794 sed

295 1858 369 1901 cum
399 1839 430 1900 hi
460 1839 656 1902 damnantur
686 1851 718 1903 et
745 1838 901 1914 delentur,
933 1841 1078 1918 protinus
1108 1839 1159 1900 alii
1191 1837 1370 1903 succedunt
1398 1836 1487 1900 haud
1519 1857 1620 1916 secus,
1650 1856 1752 1919 quarn

295 1942 394 2005 fiebat
422 1945 504 2006 circa
536 1943 688 2026 Hydram
721 1942 807 2005 illam
842 1942 1046 2021 Herculeam,
1079 1947 1129 2006 cui
1164 1944 1319 2024 adempta
1352 1946 1459 2024 capita
1492 1943 1752 2005 renascebantur.

257 2061 283 2102 ¹5
295 2045 415 2110 Scribis
438 2048 515 2110 mihi
536 2058 704 2127 postremo
727 2065 793 2109 non
816 2049 884 2109 sine
906 2058 992 2109 certa
1016 2047 1237 2122 admiratione,
1263 2047 1354 2129 quod
1379 2049 1490 2110 attinet
1514 2047 1555 2110 ad
1580 2046 1752 2109 dissidium

296 2151 372 2215 illud
396 2151 471 2215 fidei
493 2164 525 2214 et
546 2152 716 2234 religionis,
741 2150 830 2232 quod
854 2172 872 2211 a
895 2153 972 2213 satis
995 2152 1172 2235 longinquo
1189 2163 1336 2231 tempore
1358 2154 1390 2213 in
1413 2153 1517 2232 patria
1540 2161 1650 2213 nostra
1673 2150 1751 2211 sub-

296 2266 403 2319 ortum
425 2256 530 2330 durat,
554 2255 708 2337 quodque
731 2256 762 2317 in
786 2265 876 2317 tanto
900 2267 1047 2335 tempore
1071 2256 1178 2318 nullus
1201 2259 1379 2319 inveniatur
1402 2274 1508 2336 neque
1531 2275 1573 2316 ex
1603 2255 1755 2317 ecclesia·

296 2362 381 2424 sticis
403 2380 509 2442 neque
533 2380 575 2423 ex
597 2360 797 2424 secularibus
827 2361 1035 2440 principibus,
1066 2363 1120 2440 qui
1144 2359 1220 2422 illud
1244 2358 1285 2422 ad
1309 2372 1427 2422 certam
1452 2359 1591 2441 aliquam
1616 2379 1754 2421 concor·

297 2464 383 2527 diam
413 2466 612 2546 perduceret,
640 2482 838 2544 causamque
869 2465 962 2526 huius
992 2484 1058 2526 non
1081 2465 1176 2526 aliam
1199 2483 1298 2545 quam
1322 2465 1477 2545 pecuniae
1499 2465 1643 2527 studium
1665 2465 1753 2527 arbi·

243 2573 398 2633 miraris.
432 2568 527 2649 Quali
555 2588 617 2652 ego
648 2571 791 2650 opinioni
818 2580 893 2631 tuae
923 2568 1045 2648 absque
1068 2568 1131 2630 ulla
1153 2571 1371 2633 controversia
1401 2569 1582 2631 subscribo.
1620 2566 1753 2647 Quotus

296 2678 383 2737 enim
406 2694 491 2738 nunc
513 2677 650 2756 quisque
673 2676 836 2748 invenitur,
860 2676 925 2735 sive
947 2692 1111 2735 summum
1134 2673 1320 2752 pontificem
1347 2675 1413 2735 sive
1436 2672 1614 2735 cardinales
1637 2684 1669 2735 et
1684 2675 1754 2752 epi-

296 2797 415 2858 scopos
437 2780 505 2840 sive
528 2779 605 2841 alias
629 2777 859 2841 ecclesiasticas
875 2796 1030 2857 personas
1046 2779 1111 2839 sive
1134 2778 1223 2856 ipsos
1247 2776 1426 2840 monachos
1449 2787 1585 2856 spectes,
1607 2778 1663 2857 qui
1686 2796 1754 2838 non

296 2885 403 2963 potius
424 2882 592 2946 ambitioni
608 2894 640 2945 et
657 2883 750 2944 lucris
773 2882 964 2962 pecuniariis
987 2900 1088 2961 quam
1111 2881 1206 2944 saluti
1229 2883 1407 2945 animarum
1423 2883 1648 2962 proximorum
1672 2900 1753 2943 con-

295 2987 410 3050 sulant.
455 2986 489 3052 Si
511 2986 685 3051 Salvatoris
707 2986 808 3049 nostri
831 2989 929 3048 vitam
955 2997 987 3049 et
1010 2986 1200 3061 doctrinam,
1231 3005 1295 3065 qua
1319 2987 1408 3066 ipsos
1430 2985 1618 3049 cohortatur
1641 2996 1673 3047 et
1696 2985 1752 3046 ad-

255 3103 414 3168 ffimonet,
448 3103 483 3154 ut
516 3094 603 3154 bona
636 3094 697 3155 ista
730 3090 929 3169 temporalia,
976 3089 1109 3164 caduca,
1136 3089 1256 3173 fragilia
1286 3103 1318 3152 et
1349 3109 1513 3170 nusquam
1543 3091 1753 3152 consistentia

299 3208 552 3272 contemnerent,
579 3197 832 3278 religionemque
854 3196 1015 3274 pietatem,
1045 3195 1240 3269 charitatem,
1270 3192 1520 3256 misericordiam
1551 3205 1582 3255 et
1611 3194 1753 3273 reliquas

296 3304 428 3365 virtutes
458 3302 735 3382 amplecterentur,
766 3299 875 3362 audire
905 3308 938 3361 et
960 3298 1000 3360 illi
1023 3310 1249 3379 optemperare
1272 3299 1398 3373 vellent,
1421 3308 1526 3360 certus
1548 3317 1632 3372 sum,
1660 3299 1753 3378 quod

296 3405 382 3469 nulla
409 3417 494 3469 esset
524 3417 591 3468 tam
614 3416 738 3468 remota
762 3416 794 3467 et
817 3406 958 3485 seposita
980 3423 1060 3487 gens
1083 3403 1132 3465 vel
1155 3405 1251 3487 regio,
1280 3402 1368 3465 nulla
1390 3416 1457 3466 tam
1480 3404 1584 3487 gravis
1605 3414 1638 3465 et
1660 3403 1753 3464 labo·

296 3513 381 3572 riosa
410 3513 468 3584 via,
498 3519 533 3572 ut
562 3529 627 3573 nou
655 3528 728 3572 eam
761 3528 823 3589 pro
853 3508 956 3570 salute
978 3509 1202 3589 proximorum
1235 3508 1320 3570 laeto
1343 3518 1375 3569 et
1398 3507 1492 3571 alacri
1516 3510 1627 3569 animo
1650 3510 1753 3570 susci·

257 3625 419 3695 ³0perent,
445 3615 524 3678 sicut
548 3614 652 3676 lacere
674 3613 799 3676 solebat
830 3611 947 3675 Paulus
970 3622 1001 3675 et
1025 3613 1123 3677 ceteri
1151 3612 1300 3692 apostoli,
1324 3630 1461 3693 qnorum
1485 3632 1520 3674 se
1543 3615 1592 3674 isti
1616 3613 1753 3674 vicarios

296 3730 328 3782 et
362 3738 566 3782 successores
595 3719 676 3781 salso
706 3729 815 3780 tamen
846 3730 878 3781 et
907 3718 992 3779 inani
1022 3717 1113 3780 titulo
1143 3717 1327 3800 gloriantur.
1365 3716 1488 3779 Forsan
1519 3727 1627 3779 autem
1651 3717 1693 3779 ab
1717 3737 1752 3779 re

296 3842 361 3885 non
391 3826 457 3898 erit,
487 3825 513 3886 si
543 3823 600 3885 tibi
626 3834 658 3885 et
688 3823 752 3885 hoc
774 3824 878 3887 obiter
901 3822 1083 3896 ostender0,
1113 3842 1173 3885 cur
1204 3824 1243 3886 sit
1274 3824 1354 3885 inter
1375 3833 1504 3885 nostros
1539 3822 1602 3884 tale
1633 3821 1752 3884 infide

296 3937 329 3990 et
358 3928 511 4011 religione
541 3926 719 3999 dissidium,
749 3921 785 3990 ut
815 3946 1001 4010 cognoscas,
1024 3936 1104 4005 quot
1126 3937 1158 3989 et
1181 3945 1278 4007 quam
1302 3928 1407 3988 variae
1437 3929 1499 3988 sint
1522 3926 1695 3988 divisiones
1719 3938 1752 3988 et

297 4050 413 4093 causae
448 4034 555 4111 ipsius.
602 4030 687 4094 Nam
726 4050 766 4092 ne
801 4030 939 4112 ludaeos
973 4042 1004 4094 et
1035 4031 1221 4110 Epicureos,
1255 4033 1309 4110 qui
1346 4033 1525 4093 animarum
1562 4030 1751 4092 immortali-

257 4146 395 4198 ffitatem
426 4146 552 4218 negant,
586 4134 725 4198 similiter
755 4147 786 4198 et
818 4135 978 4217 quosdam
1014 4134 1187 4197 Nicolaitas
1221 4153 1474 4197 commemorem
1507 4130 1563 4216 (ex
1594 4134 1631 4194 iis
1665 4135 1752 4196 enim

298 4241 449 4302 omnibus
482 4260 547 4302 non
582 4243 675 4321 pauci
709 4240 795 4321 apud
830 4260 890 4302 nos
923 4238 1147 4320 inveniuntur),
1181 4251 1270 4303 totus
1304 4238 1445 4320 populus
1475 4242 1564 4321 regni
1595 4239 1689 4300 huius
1720 4259 1752 4315 et

298 4346 536 4407 marchionatus
559 4344 720 4407 Moraviae
743 4348 774 4406 in
798 4356 862 4407 tres
885 4356 991 4407 sectas
1013 4344 1132 4407 divisus
1157 4356 1215 4406 est.
1254 4343 1363 4406 Prima
1386 4355 1433 4406 est
1457 4364 1578 4420 eorum,
1609 4347 1664 4424 qui
1688 4344 1752 4405 Ro·

299 4468 432 4512 manum
462 4448 647 4529 pontificem
678 4452 709 4512 in
739 4449 891 4511 omnibus
924 4460 1100 4529 sequuntur
1131 4459 1161 4509 et
1192 4449 1364 4510 observant
1391 4467 1566 4528 verumque
1596 4437 1751 4510 vicarium

299 4549 414 4615 Christi
449 4565 693 4635 recognoscunt,
729 4553 1007 4634 quemadmodum
1041 4552 1158 4615 iaciunt
1192 4549 1346 4614 Germani
1378 4561 1410 4613 et
1444 4562 1570 4614 ceterae
1603 4555 1752 4614 nationes

258 4657 405 4719 toeidem
427 4677 487 4720 ceu
510 4659 630 4736 pastori
653 4656 763 4720 caulae
793 4657 974 4719 dominicae
1004 4656 1224 4721 adhaerentes.
1261 4657 1304 4720 Et
1325 4676 1369 4719 ex
1398 4658 1435 4718 iis
1464 4666 1513 4720 est
1543 4659 1646 4720 maior
1676 4677 1752 4737 pars

299 4782 478 4841 procerum,
509 4774 697 4845 magnatum
727 4772 760 4823 et
788 4761 954 4839 nobilium,
987 4770 1061 4824 sunt
1092 4773 1124 4824 et
1154 4759 1327 4824 nonnullae
1360 4762 1503 4824 civitates
1537 4763 1644 4844 regiae
1676 4780 1752 4824 cum

299 4869 507 4943 monasteriis,
541 4867 617 4929 olim
647 4866 808 4946 opulentis
838 4886 923 4929 nunc
954 4885 1071 4949 magna
1093 4886 1135 4928 ex
1158 4876 1249 4946 parte
1271 4865 1383 4928 dirutis
1406 4874 1439 4927 et
1461 4864 1647 4944 despoliatis
1670 4868 1752 4927 vari-

298 4991 391 5034 orum
421 4972 578 5034 ordinum.
624 4969 697 5032 Alia
727 4983 813 5035 secta
843 4983 891 5034 est
914 4972 1047 5045 illorum,
1078 4973 1132 5052 qui
1155 4970 1377 5034 eucharistiam
1401 4970 1463 5032 sub
1485 4979 1621 5052 utraque
1644 4974 1752 5050 specie

299 5075 422 5156 populo
452 5074 646 5155 dispensant,
680 5078 731 5137 cui
761 5095 804 5137 ex
841 5077 1027 5156 proceribus
1060 5077 1162 5156 pauci,
1196 5095 1238 5136 ex
1269 5074 1436 5138 nobilitate
1473 5085 1582 5138 autem
1616 5076 1752 5157 plurimi,

259 5181 441 5242 uellitares
471 5199 547 5241 vero
577 5183 683 5262 regiae
713 5199 816 5262 prope
845 5183 970 5262 triginta
1001 5180 1184 5242 adhaerent.
1231 5179 1274 5241 Hi
1304 5189 1505 5243 sacramenta
1535 5181 1752 5242 ecclesiastica

301 5287 409 5346 omnia
439 5296 558 5357 tenent,
590 5284 730 5348 similiter
760 5287 959 5346 ceremonias
989 5304 1026 5345 ac
1055 5286 1133 5347 ritus
1163 5283 1315 5345 ecclesiae
1346 5303 1412 5346 non
1439 5283 1527 5346 aliter
1557 5303 1656 5362 quarn
1690 5287 1752 5363 ipsi
