3674 5858
895 1657 917 1718 l.

517 1780 662 1855 Racek
690 1777 981 1854 Bohuslavovi
1008 1802 1031 1852 z
1060 1778 1293 1853 Lobkovic.

264 1935 299 2001 ll!
320 1935 448 1988 Bononll
469 1935 708 2004 raet-1405.)
736 1933 843 2001 Ddlruje
861 1949 895 1986 za
912 1933 1006 2003 plizerl
1027 1933 1095 1986 sobe
1118 1951 1135 1987 a
1159 1933 1251 1986 bratru
1275 1933 1387 1986 Karlovi
1412 1934 1626 1988 osvddtovanou

173 2037 191 2072 a
209 2020 317 2091 slibuje,
336 2021 367 2074 ie
385 2022 468 2089 podle
487 2022 555 2092 rady
573 2022 771 2090 Bohuslavovy
795 2021 916 2073 studium
942 2020 1091 2089 privnicke
1115 2019 1185 2089 spojl
1209 2020 1486 2090 ahumanistickym,
1510 2019 1518 2072 i
1543 2021 1628 2089 prosi,

174 2107 230 2178 aby
248 2108 389 2162 Bohuslav
408 2109 502 2179 pilzeil
521 2125 591 2163 svou
609 2109 731 2163 bratrovi
751 2107 893 2173 zacboval,
912 2107 990 2178 lrtery‘
1002 2107 1096 2162 Racka
1108 2109 1216 2178 ptimdl,
1233 2107 1288 2177 aby
1299 2109 1335 2162 do
1349 2107 1475 2165 Bononio
1489 2125 1524 2162 na
1535 2107 1627 2163 studia

172 2209 208 2248 'ae
226 2195 317 2264 vydal.
335 2195 415 2262 (List.
434 2195 490 2250 tist
509 2195 559 2249 ets.
579 2196 635 2263 ΙΙΙ.)

263 2337 447 2400 Rodericus
464 2337 641 2401 Dubravus
660 2337 840 2401 clarissimo
861 2340 931 2402 viro
952 2337 1115 2400 Bouslavo
1133 2338 1315 2400 Hasistensi
1338 2358 1363 2400 s·
1379 2358 1408 2417 p.
1424 2337 1457 2400 d.
1480 2335 1626 2400 Maxima

173 2461 228 2504 me
243 2442 413 2522 voluptate
428 2441 609 2505 affecerunt
624 2442 749 2504 litterae
772 2452 859 2516 tuae,
881 2443 928 2504 vir
943 2442 1219 2523 eloquentissime,
1242 2441 1363 2524 quibus
1382 2441 1537 2518 intellexi,
1558 2462 1626 2523 quo

172 2566 287 2608 amore
306 2556 407 2625 atque
430 2546 647 2608 benivolentia
670 2566 746 2629 erga
769 2565 823 2609 me
842 2547 886 2609 sis
910 2556 942 2608 et
958 2545 1113 2610 Carolum
1137 2547 1269 2609 fratrem
1289 2561 1410 2624 meum,
1433 2567 1500 2628 quo
1516 2547 1561 2624 fit,
1582 2555 1627 2623 ut,

172 2651 200 2712 si
224 2649 302 2711 mihi
332 2650 574 2713 necessitudine
604 2651 801 2712 coniunctus
824 2661 912 2712 esset
934 2670 1041 2727 nem0,
1071 2659 1181 2714 tamen
1213 2651 1291 2713 mihi
1320 2661 1431 2713 tecum
1462 2671 1624 2713 summam

172 2773 248 2817 esse
271 2755 408 2836 gratiam
438 2754 650 2817 vehementer
680 2753 827 2818 laetarer.
860 2752 962 2835 Quod
993 2753 1091 2817 lrater
1121 2775 1216 2817 meus
1245 2766 1278 2817 te
1301 2775 1433 2818 summo
1459 2756 1570 2818 studio
1593 2763 1626 2817 et
1651 2770 1667 2816 o

172 2858 283 2921 officio
306 2858 393 2935 colit,
416 2859 569 2921 nimirum
599 2867 651 2921 est
674 2858 737 2921 hoc
761 2859 905 2921 muneris
928 2859 986 2921 sui.
1009 2857 1110 2939 Quod
1134 2878 1213 2922 vero
1235 2879 1365 2922 summa
1388 2870 1444 2921 tua
1467 2869 1500 2921 et
1522 2861 1625 2922 incre-

171 2961 283 3025 dibilis
313 2962 499 3026 humanitas
522 2983 576 3025 me
605 2963 665 3026 tibi
687 2962 904 3038 coniunxerit,
935 2982 1135 3046 magnopere
1157 2963 1272 3025 laetor.
1305 2962 1374 3027 Sed
1403 2965 1559 3045 quoniam
1582 2963 1624 3025 ad

171 3065 380 3147 eloquentiae
412 3066 521 3129 studia
543 3085 597 3128 me
619 3066 831 3129 vehementer
854 3065 1002 3142 hortaris,
1031 3086 1098 3129 non
1122 3067 1222 3130 deero
1252 3066 1411 3148 voluptati
1433 3078 1510 3129 tuae
1531 3078 1564 3131 et
1587 3088 1626 3129 ea

171 3189 250 3231 cum
273 3170 351 3232 iuris
381 3170 481 3233 civilis
507 3171 641 3233 scientia
665 3171 870 3253 coniungam,
898 3170 990 3252 quod
1014 3191 1113 3252 saepe
1136 3171 1325 3252 philosophi
1348 3170 1540 3245 factitarunt,
1570 3174 1623 3252 qui

171 3272 416 3353 philosophiam
446 3294 626 3356 numquam
656 3275 699 3336 ab
729 3274 915 3356 eloquentia
946 3275 1181 3359 seiungendam
1211 3284 1415 3355 putaverunt.
1453 3274 1625 3336 Praeterea
1641 3282 1666 3327 ¹⁰

169 3376 250 3439 illud
278 3397 381 3440 unum
412 3379 533 3460 quibus
564 3398 701 3458 possum
731 3379 888 3459 precibus
917 3378 1068 3456 obsecre,
1098 3387 1134 3441 ut
1156 3380 1188 3440 in
1211 3379 1344 3441 iratrem
1374 3399 1495 3454 meum,
1525 3398 1624 3460 quem

170 3502 278 3563 aeque
307 3501 346 3544 ac
370 3501 423 3543 me
446 3481 554 3561 ipsum
585 3481 693 3566 diligo,
723 3483 882 3562 perhenni
904 3493 1005 3563 atque
1033 3483 1168 3546 assiduo
1192 3483 1237 3544 sis
1259 3501 1382 3559 amore,
1412 3483 1476 3562 qui,
1503 3493 1539 3544 ut
1562 3503 1633 3562 pra

170 3584 288 3648 litteris
310 3586 526 3666 capescendis
542 3584 723 3649 Bononiam
746 3586 807 3649 iter
830 3586 1041 3667 susciperem,
1062 3586 1139 3649 mihi
1162 3597 1278 3650 auctor
1301 3586 1435 3649 exstitit.
1461 3582 1580 3668 Vale.¹)

883 3883 919 3944 ll.

582 4003 728 4078 Racek
757 4002 845 4077 dru.
873 4001 1019 4077 Vitovi
1047 4002 1217 4077 Saliovi.

258 4157 293 4222 (v
314 4157 442 4211 Bononll
464 4157 700 4223 2494-1406.)
719 4156 825 4224 Dekuje
845 4173 877 4209 za
895 4157 989 4224 plizeri
1008 4155 1076 4213 sobi
1089 4157 1303 4212 osvedtovanou
1315 4175 1332 4212 a
1345 4158 1429 4227 prosi,
1447 4156 1501 4228 aby
1514 4156 1624 4225 stejnou

168 4243 268 4312 plizeh
285 4243 419 4297 zachoval
437 4242 531 4297 bratru
549 4243 670 4297 llarlovi.
690 4243 771 4312 (Liat.
790 4247 845 4298 tiit.
864 4245 913 4297 dis.
933 4243 1045 4315 XXIV.)

259 4403 443 4467 Rodericus
467 4401 645 4468 Dubravus
662 4400 741 4469 Vito
766 4394 927 4487 Pragensi,
950 4405 1069 4467 artium
1092 4413 1125 4466 et
1148 4401 1330 4466 medicinae
1352 4403 1519 4480 doctori,²)
1542 4423 1566 4486 s.
1590 4402 1623 4467 d.

170 4504 445 4591 Ad⁸)xl1.cal.
470 4505 601 4586 Apriles
631 4508 746 4587 accepi
775 4507 897 4570 litteras
927 4519 1010 4582 tuas,
1039 4509 1087 4571 vir
1113 4509 1399 4590 praestantissime,
1429 4498 1515 4588 quae
1545 4506 1662 4569 mihin

169 4610 303 4674 luerunt
317 4611 530 4692 gratissimae,
553 4612 676 4693 quibus
699 4611 906 4693 potissimum
922 4610 1075 4691 intellexi,
1096 4633 1165 4694 quo
1180 4632 1303 4691 amore,
1326 4632 1392 4693 qua
1407 4611 1624 4675 benivolentia

168 4750 378 4764 μι--ι-ο-ηι

260 4800 281 4867 ¹)
299 4798 360 4852 List
378 4805 457 4851 tento
476 4797 602 4852 lrlademe
624 4816 660 4853 na
680 4798 763 4862 prvni
784 4797 868 4852 misto
892 4815 910 4850 v
928 4804 1018 4852 tomto
1036 4798 1203 4867 uspoiddini
1227 4799 1322 4854 lisura
1347 4798 1487 4861 Raclrova,
1511 4814 1528 4851 a
1552 4798 1621 4867 psan

167 4887 217 4957 byl
236 4885 333 4953 zajiste
352 4884 420 4954 brzy
438 4902 474 4954 po
492 4885 627 4953 plichodu
649 4885 716 4953 jeho
739 4887 776 4940 do
795 4884 934 4951 Bononie,
960 4886 1104 4953 pontvadi
1129 4904 1159 4940 se
1185 4904 1204 4941 v
1228 4891 1291 4940 nem
1317 4886 1404 4940 mluvl
1429 4904 1445 4940 o
1473 4894 1540 4951 tom,
1568 4887 1623 4940 lrdo

168 4976 186 5028 k
206 4975 284 5026 ceste
301 4972 329 5025 te
348 4971 467 5041 pisatele
485 4971 592 5040 piimdl,
609 4989 627 5025 a
644 4980 739 5040 potom
759 4972 941 5042 napomenutl
959 4973 1163 5037 Bohuslavovo,
1182 4973 1277 5027 kterak
1295 4973 1332 5044 by
1351 4975 1406 5028 mel
1419 4973 1512 5028 Racelr
1531 4973 1623 5028 studia

166 5061 219 5114 sva
238 5058 353 5123 zarlditi,
371 5075 408 5112 na
425 5058 544 5126 podatek
561 5059 647 5113 studii
665 5061 730 5114 tecla
750 5060 857 5130 nejlkpe
876 5077 907 5114 se
926 5061 1000 5115 hodi.

258 5147 279 5214 ²)
297 5144 463 5215 Znamenity
480 5145 557 5198 leka?
575 5145 650 5216 doby
668 5145 866 5217 Vlndislavovy
884 5165 901 5200 a
919 5151 1028 5201 median
1048 5146 1169 5216 Praisky
1187 5144 1222 5216 (T
1223 5147 1306 5200 omelr
1323 5146 1371 5212 IX,
1382 5144 1446 5217 235)
1465 5147 1518 5201 alul
1530 5148 1621 5218 cely'm

164 5233 293 5305 jmtnem
312 5232 393 5288 Vitus
411 5232 508 5286 Salius.
529 5232 663 5286 Vzddlani
681 5233 768 5287 svkho
787 5232 872 5303 nabyl
890 5233 1011 5303 nejsplle
1031 5250 1067 5286 na
1080 5232 1132 5286 cizi
1151 5231 1309 5287 universite.

258 5320 358 5390 ‘lTalt
375 5337 394 5372 v
412 5320 515 5376 sorem
534 5320 617 5387 tislru,
635 5320 678 5374 ale
697 5320 735 5374 cti
753 5321 786 5374 Α.
804 5322 830 5375 d.
841 5321 957 5376 :Ante
976 5320 1060 5385 diem,
1077 5336 1095 5375 a
1112 5320 1237 5389 rozumej
1259 5320 1303 5375 21.
1320 5319 1430 5376 blezna

1430 5444 1462 5497 1*
