3674 5858
265 375 316 450 '24
756 398 878 450 Antonin
897 397 1020 450 suerrus
1039 397 1160 450 melon
1182 395 1256 448 1501.

281 609 418 685 fuerunt,
449 609 495 669 vir
518 608 750 670 eruditissime:
781 606 853 669 illae
882 608 1016 688 quidem
1048 627 1114 670 non
1137 617 1415 670 transmontanam
1447 607 1642 684 barbariem,
1674 607 1739 670 sed

281 712 422 774 latialem
442 713 571 792 sapiunt
589 713 717 791 penitus
734 721 766 773 et
786 710 936 773 redolent
956 711 1185 792 eloquentiam.
1209 709 1297 791 Quid
1316 710 1476 774 latialem?
1495 712 1598 774 immo
1614 709 1739 774 Tullia-

281 837 357 879 nam
381 836 493 878 revera
524 814 791 896 praeseferunt
822 816 1015 876 ubertatem.
1051 814 1151 894 Quod
1176 815 1275 877 Italae
1300 815 1415 878 Musae
1437 825 1471 878 te
1494 814 1600 879 lacteo
1623 814 1739 879 lacun-

282 921 355 983 diae
378 920 468 982 lonte
491 918 608 983 sedulo
629 919 828 995 nutriverint,
851 918 947 980 nobis
970 938 1036 981 non
1059 918 1161 980 modo
1185 918 1373 999 epistolium
1396 930 1489 982 tuum
1513 920 1572 983 sed
1595 930 1630 983 et
1652 939 1739 1001 opu-

255 1024 410 1087 ssculum
434 1024 513 1086 illud
530 1023 680 1085 facillime
703 1022 948 1098 demonstravit,
971 1022 1063 1104 quod
1081 1022 1216 1084 mirabili
1234 1024 1411 1086 verborum
1435 1033 1552 1087 ornatu
1573 1024 1740 1107 digestum

229 1138 233 1147 '
281 1128 541 1211 gravissimisque
558 1128 723 1189 sententiis
738 1137 770 1188 et
786 1126 881 1188 variis
898 1127 1040 1188 historiis
1057 1125 1212 1188 relertum
1230 1126 1398 1190 Vladislao
1415 1127 1593 1191 Bohemiae
1608 1126 1738 1191 Panno·

281 1234 419 1313 uiaeque
443 1233 510 1315 regi
533 1232 760 1311 potentissimo
794 1231 1099 1311 sapientissimoque
1121 1240 1154 1292 te
1179 1230 1381 1307 dedicasseu
1405 1233 1469 1295 iam
1493 1233 1639 1315 legimus,
1662 1252 1739 1295 cum

282 1336 361 1399 illud
378 1336 571 1399 Dominicus
587 1344 698 1398 noster
714 1336 846 1397 nomine
868 1344 926 1398 tuo
943 1335 985 1397 ad
1002 1333 1186 1397 Garzonem
1201 1336 1343 1399 afferret.
1366 1335 1430 1416 Qui
1455 1347 1536 1419 quot
1551 1347 1585 1399 et
1606 1339 1740 1419 quantis

282 1451 314 1503 te
345 1440 497 1504 laudibus
529 1439 649 1517 efferat,
679 1449 780 1501 testes
811 1447 887 1501 sunt
917 1438 1111 1514 scholastici,
1141 1448 1242 1502 testes
1271 1451 1348 1503 sunt
1377 1442 1472 1504 amici
1503 1451 1536 1503 et
1565 1441 1626 1505 alii.
1663 1442 1740 1522 lpse

244 1564 269 1601 ru
283 1545 417 1627 quidem
440 1544 663 1608 vocalissimus
694 1552 742 1605 est
765 1563 885 1623 praeco
909 1553 941 1604 et
965 1543 1157 1605 buccinator
1182 1541 1269 1626 (licet
1292 1546 1332 1606 sit
1355 1544 1544 1619 edentulus)
1571 1555 1649 1608 tuae
1672 1546 1739 1608 sin·
1782 1567 1786 1576 ·

282 1649 403 1730 gularis
424 1649 627 1728 prudentiae,
650 1646 842 1709 eruditionis
864 1656 896 1708 et
920 1646 1133 1727 eloquentiae.
1157 1647 1247 1726 Quid
1271 1648 1391 1711 multa?
1415 1648 1555 1730 publice,
1579 1650 1741 1730 privatim,

283 1753 380 1829 domi,
403 1750 490 1828 foris,
513 1753 544 1815 in
567 1753 738 1834 gymnasio
759 1751 910 1827 literario,
934 1761 1028 1813 extra
1050 1753 1266 1834 gymnasium,
1290 1754 1411 1834 ubique
1431 1753 1590 1830 locorum,
1614 1755 1740 1835 ubique

283 1859 436 1939 gentium,
466 1857 589 1938 ubique
612 1864 811 1936 temporum,
843 1854 1026 1917 Rodericus
1049 1855 1217 1918 Bohemus
1240 1877 1259 1918 a
1283 1856 1433 1920 Garzone
1457 1857 1654 1921 Bononiensi
1678 1879 1739 1921 ex-

282 1960 406 2023 tollitur
438 1959 688 2040 celebraturque
716 1959 923 2021 meritissimo
954 1960 1141 2040 praeconio.
1175 1960 1248 2042 Ego
1272 1962 1358 2024 enim
1380 1963 1454 2038 iam,
1483 1972 1660 2045 antequam
1683 1974 1741 2024 tua

246 2081 270 2121 rr
284 2065 442 2146 legissem,
465 2064 661 2153 arbitrabar·
671 2083 724 2125 me
747 2064 777 2124 in
801 2063 943 2125 dicendo
959 2072 1069 2125 tecum
1094 2065 1293 2127 contendere
1316 2086 1430 2146 posse:
1454 2067 1513 2129 sed
1536 2087 1613 2130 cum
1637 2067 1741 2128 melli-

284 2167 349 2230 flua
371 2169 549 2230 verborum
564 2178 698 2230 tuorum
722 2169 885 2230 sonoritas
900 2186 996 2229 aures
1020 2187 1110 2230 meas
1126 2169 1312 2231 insonuerit.
1338 2190 1419 2245 mox
1442 2170 1614 2233 audaciam
1632 2191 1741 2233 meam

284 2272 435 2354 redargui
465 2291 595 2334 mecum
626 2271 754 2333 dicens:
790 2268 839 2334 »Ο
862 2269 996 2347 Antoni,
1026 2271 1104 2352 quid
1138 2292 1213 2334 cum
1244 2274 1431 2336 amaracino
1459 2275 1529 2337 sui?
1560 2275 1640 2356 quid
1663 2296 1741 2337 cum

284 2376 404 2439 fidibus
426 2375 582 2459 graculo?
610 2376 708 2438 Hunc
731 2395 836 2456 aeque
859 2385 894 2437 tu
919 2376 1096 2438 homuncio
1127 2386 1226 2457 atque
1251 2376 1429 2440 Herculem
1460 2380 1590 2442 vincere
1613 2399 1741 2461 posses,

284 2481 339 2563 qui
368 2481 458 2562 apud
489 2479 724 2543 Philostratum
758 2480 941 2562 Pygmaeos
972 2499 1087 2542 omnes
1123 2491 1296 2560 correptos
1327 2481 1429 2544 leonis
1463 2481 1549 2563 pelle
1578 2482 1738 2546 involvit«

244 2583 513 2664 aoQuamobrem
536 2602 598 2665 ego
631 2583 731 2662 pluris
755 2582 916 2645 honorem
940 2603 1050 2645 meum
1082 2583 1203 2647 faciens
1234 2604 1332 2666 quam
1357 2564 1483 2649 divitias
1511 2605 1628 2649 omnes
1650 2586 1743 2667 (nihil

285 2698 335 2751 est
363 2689 458 2764 enirn,
487 2687 579 2769 quod
610 2687 652 2748 ab
683 2687 824 2762 homine,
854 2688 880 2749 si
911 2688 984 2768 quis
1010 2688 1101 2766 sapit,
1134 2689 1237 2770 magis
1265 2689 1470 2752 existimetur
1502 2709 1602 2771 quam
1634 2690 1744 2754 honos

285 2789 389 2874 prius)
405 2789 487 2874 (sic),
510 2792 632 2853 rubore
655 2811 722 2853 non
744 2811 847 2871 parvo
870 2790 1004 2868 alticior,
1027 2811 1103 2853 cum
1127 2790 1255 2853 videam
1279 2812 1404 2855 measa
1427 2794 1491 2856 tuis
1514 2794 1615 2857 literis
1637 2795 1744 2857 unde·

285 2917 416 2978 cunque
445 2896 608 2977 superari,
639 2915 704 2958 non
736 2895 890 2976 equidem
920 2896 1056 2973 invideo,
1090 2896 1189 2957 miror
1220 2897 1331 2978 magis,
1362 2898 1453 2978 quod
1485 2919 1504 2960 a
1532 2898 1661 2962 tenellis
1693 2896 1745 2978 (ut

285 3003 388 3077 aiunt)
411 3000 593 3083 unguiculis
615 3021 634 3062 a
658 3001 852 3063 doctoribus
868 2999 895 3061 F
898 2999 1027 3063 elsineis
1050 3019 1181 3080 semper
1204 2999 1300 3063 alitus
1328 3001 1507 3064 rhetorices
1529 3004 1608 3064 artis
1631 3003 1746 3065 studio

245 3122 271 3162 es
284 3107 434 3186 adusque
457 3106 646 3188 sanguinem
661 3104 889 3181 insudaverim,
912 3114 945 3165 et
960 3113 993 3167 te
1009 3103 1137 3165 iuvenili
1154 3102 1235 3166 flore
1252 3105 1447 3167 decoratum
1463 3106 1580 3169 saltem
1596 3126 1745 3188 aequare

286 3229 352 3272 non
375 3208 509 3271 valeam.
542 3207 654 3288 Quare
677 3228 767 3271 meas
790 3208 832 3271 ad
855 3217 888 3270 te
911 3209 1056 3270 scribere
1079 3227 1145 3270 non
1168 3208 1334 3285 auderem,
1357 3211 1389 3271 ni
1411 3219 1468 3272 tua
1491 3209 1613 3273 infinita
1636 3230 1745 3291 prope

287 3315 462 3376 excitasset
493 3313 685 3388 humanitas,
716 3332 781 3394 qua
803 3312 980 3394 plurimum
1004 3310 1105 3375 fretus
1135 3311 1202 3389 has,
1233 3313 1479 3393 qualescunque
1502 3315 1573 3391 sint,
1603 3334 1746 3376 exarare

287 3418 427 3495 decrevi,
457 3417 577 3499 quibus
599 3418 657 3479 tibi
680 3417 867 3499 significem,
891 3435 990 3497 quam
1013 3416 1177 3478 maximae
1200 3415 1313 3477 luisset
1336 3416 1413 3478 mihi
1435 3417 1636 3493 iucunditati,
1664 3437 1744 3480 cum

287 3520 512 3598 intellexerim,
543 3539 686 3583 menon
709 3521 791 3582 meis
814 3521 937 3582 meritis
960 3522 1020 3583 sed
1043 3519 1226 3583 incredibili
1252 3530 1309 3582 tua
1332 3520 1530 3604 benignitate
1551 3531 1585 3584 te
1608 3523 1639 3584 in
1663 3524 1745 3584 ami·

247 3642 274 3684 ao
288 3627 395 3688 citiam
411 3634 502 3688 tuam
518 3626 710 3706 suscepisse.
734 3621 844 3705 Quam
868 3625 990 3686 mutuis
1006 3623 1186 3704 colloquiis,
1210 3621 1401 3704 quotidiana
1416 3624 1467 3686 vel
1482 3624 1599 3688 saltem
1615 3625 1746 3688 hebdo-

288 3731 406 3792 matica
436 3728 601 3792 literarum
634 3728 892 3808 reciprocatione
923 3747 1044 3811 augere
1075 3747 1336 3809 conservareque
1366 3748 1541 3808 cuperem;
1575 3730 1634 3793 sed
1666 3750 1746 3792 cum

289 3845 425 3915 propter
454 3834 586 3896 nimiam
610 3833 760 3895 locorum
790 3833 976 3895 distantiam
1007 3833 1251 3913 prohibeamur,
1282 3832 1366 3895 illius
1388 3834 1615 3914 sapientissimi
1646 3852 1746 3912 prae·

289 3948 422 4018 ceptum
452 3948 592 4020 uterque
622 3947 771 4000 nostrum
802 3937 963 4015 observet,
994 3938 1048 4018 qui
1078 3938 1188 4000 dicere
1219 3936 1347 3999 solebat
1371 3956 1431 3999 nos
1460 3937 1643 4000 amicorum
1676 3946 1746 4000 tarn

288 4042 472 4104 absentium
504 4062 602 4123 quam
634 4041 855 4121 praesentium
885 4040 1009 4102 debere
1039 4061 1110 4103 esse
1135 4059 1308 4102 memores.
1341 4040 1433 4103 Vale.
1464 4040 1629 4103 Bononiae
1653 4040 1746 4104 XIV.

249 4163 275 4201 2³³
291 4145 360 4207 Kal.
385 4144 517 4223 Quintil.
541 4164 626 4206 anno
650 4143 763 4206 salutis
787 4143 958 4206 millesimo
982 4145 1243 4226 quingentesimo
1267 4146 1383 4226 primo.

379 4404 397 4468 ¹)
415 4401 514 4470 Byloli
539 4402 672 4454 slutecnt
699 4402 753 4453 dilo
779 4402 909 4454 Raclrovo
935 4401 1000 4454 krali
1025 4401 1213 4455 Vladislavovi
1240 4401 1378 4470 piipsdno.
1407 4420 1424 4455 ο
1448 4409 1505 4456 tom
1528 4404 1622 4455 slusnd
1642 4402 1749 4457 moind

290 4487 484 4558 pochybovati.
503 4488 594 4540 Nebot
612 4488 715 4554 pledne
735 4487 828 4540 Racelr
846 4506 863 4539 v
876 4488 994 4540 iadnem
1008 4504 1023 4539 z
1036 4487 1100 4540 listd
1113 4488 1295 4557 prbvodnlch,
1314 4489 1540 4558 adressovanych
1554 4489 1750 4544 Bohuslavovi

289 4574 476 4637 zLoblrovic,
501 4591 518 4626 o
541 4583 599 4627 tom
625 4574 737 4644 zminlry
756 4573 848 4626 nedinl
873 4574 919 4643 (ad
942 4577 1038 4627 ovsem
1062 4574 1108 4628 ani
1132 4575 1235 4629 nilroho
1256 4575 1351 4643 jineho
1377 4576 1505 4636 neuvddl.
1529 4575 1624 4643 jemui
1643 4575 1683 4647 by
1700 4577 1750 4648 byl

291 4663 346 4714 dllo
365 4661 504 4728 vdnmal),
529 4670 623 4729 potom
644 4660 766 4729 pozdejsl
791 4661 939 4729 vydavatel
962 4661 1037 4714 Mitis
1062 4662 1149 4715 iddne
1173 4662 1306 4716 dedilrace
1331 4661 1497 4729 neotislruje,
1521 4663 1619 4717 kterou
1643 4663 1683 4734 by
1701 4664 1750 4735 byl

291 4756 370 4802 sotva
389 4749 536 4818 vynechal,
555 4748 647 4818 lrdyby
664 4747 683 4815 ji
704 4748 749 4818 byl
768 4747 809 4816 pli
827 4748 902 4816 spise
921 4750 1007 4813 nasei,
1026 4748 1105 4818 kdyi,
1122 4749 1167 4817 jak
1186 4748 1348 4814 nasledujicl
1370 4749 1440 4802 dlslo
1458 4749 1563 4812 avdddl
1582 4749 1623 4818 pli
1641 4752 1751 4820 vydanl

292 4836 369 4888 suem
391 4835 471 4887 otislrl
491 4834 543 4896 list,
564 4835 641 4902 lrtery'
661 4852 674 4886 s
694 4833 827 4887 obsahem
848 4835 902 4887 dlla
921 4835 1047 4888 nikteralr
1066 4836 1217 4889 nesouvisl.
