3674 5858
595 374 714 442 Ptsectry
733 372 884 425 Micbalovi
903 390 935 425 ze
955 373 1049 427 Stratie
1069 372 1144 425 1510.
1561 372 1596 426 59

171 586 324 670 praecipue
348 585 491 659 duobus,
514 585 606 664 quod
630 593 662 645 et
686 584 842 663 parvulos
873 594 905 646 et
937 583 1037 647 laicos
1068 586 1130 646 sub
1154 594 1292 666 utraque
1314 585 1424 665 specie
1447 604 1596 647 commu·

168 693 260 764 nicant,
282 689 382 768 idque
406 708 441 750 se
464 690 642 750 observare
664 689 764 763 aiunt,
788 689 863 768 quia
888 686 1037 752 Christus
1052 690 1085 751 id
1102 690 1311 769 praeceperit,
1335 688 1598 751 confirmaverint

167 793 292 875 apostoli,
317 792 478 870 primitiva
504 811 638 872 quoque
662 791 801 853 ecclesia
827 801 878 854 tot
894 812 1055 855 annorum
1079 792 1219 853 saeculis
1242 793 1472 868 observaverit,
1493 813 1512 853 a
1533 812 1598 872 qua

168 919 199 962 ne
222 896 316 958 latum
348 896 491 976 quidem,
525 904 562 958 ut
593 896 718 972 dicitur,
753 896 873 974 pedem
908 896 1081 958 discedere
1092 900 1116 974 ¹)
1150 905 1207 958 aut
1241 905 1348 958 tutum
1379 905 1436 958 aut
1467 894 1598 958 salubre

168 1009 289 1084 putant«
330 1000 566 1080 »Praeceptum
589 997 736 1072 Christi«
769 1001 872 1079 inquit
895 1000 956 1067 ille.
992 1001 1053 1062 »ad
1077 1000 1267 1062 sacerdotes
1290 1000 1501 1062 conficientes
1524 1011 1639 1079 per-⁵

132 1116 136 1122 “
167 1108 250 1168 tinere
271 1104 345 1184 quis
368 1114 418 1166 est
441 1106 498 1182 qui
521 1123 588 1166 non
611 1102 785 1184 intelligat?
810 1102 885 1166 Hoc
908 1115 1018 1166 autem
1042 1106 1236 1166 inconcusse
1260 1105 1358 1166 etiam
1375 1104 1474 1166 hodie
1489 1113 1598 1166 custo-

168 1210 244 1284 ditur,
270 1218 306 1270 ut
339 1208 554 1270 eucharistiae
584 1219 827 1271 sacramentum
858 1209 920 1270 sub
951 1209 1098 1289 utrisque
1125 1208 1299 1287 speciebus
1329 1209 1599 1271 asacerdotibus

167 1312 337 1376 conficiatur
360 1313 442 1373 inter
453 1311 477 1393 Β)
500 1312 737 1375 celebrandum
766 1312 910 1375 officium
939 1323 971 1374 et
1001 1332 1067 1374 non
1089 1313 1152 1374 sub
1175 1312 1277 1374 altera
1299 1322 1435 1375 tantum.
1474 1312 1598 1375 Divisio

166 1417 233 1480 enirn
254 1417 350 1479 unius
373 1416 590 1497 eiusdemque
613 1417 820 1490 sacramenti,
842 1417 933 1497 quod
959 1415 1109 1479 Gelasius
1132 1418 1184 1492 ait,
1208 1417 1276 1478 sine
1299 1417 1413 1499 grandi
1429 1416 1598 1499 sacrilegio

168 1540 219 1583 non
239 1530 348 1599 potest
371 1520 525 1583 admitti«
575 1518 635 1583 Cui
659 1540 721 1602 ego
748 1519 919 1583 »Obsecro
942 1531 1001 1596 te,‹
1032 1523 1173 1602 inquam,
1200 1531 1319 1599 »pater,
1342 1541 1450 1601 aequo
1475 1522 1599 1600 patiare
1613 1530 1639 1571 ¹0

169 1625 265 1700 animo,
288 1624 367 1686 dum
392 1644 569 1704 personam
593 1624 730 1687 alicuius
753 1625 900 1687 induero.
925 1624 996 1686 Fiet
1011 1626 1106 1701 enim,
1130 1636 1165 1686 ut
1188 1635 1221 1686 et
1237 1624 1393 1705 quicquid
1417 1644 1479 1706 ego
1496 1624 1598 1701 velim,

170 1730 258 1809 aptius
278 1748 460 1809 opponere,
484 1739 517 1791 et
540 1739 585 1806 tu,
607 1728 765 1810 quicquid
788 1729 920 1801 sentias,
942 1728 1057 1791 melius
1073 1728 1150 1790 mihi
1167 1729 1369 1808 respondere
1392 1729 1507 1808 possis.
1527 1727 1598 1791 Nec

172 1834 239 1895 enim
266 1832 399 1895 alterius
430 1833 475 1894 rei
506 1834 681 1896 occasione
712 1834 793 1895 haec
820 1843 930 1895 tecum
954 1832 1153 1895 conserenda
1183 1833 1278 1910 volui,
1310 1843 1539 1913 praeterquam
1561 1843 1599 1896 ut

174 1938 218 1999 abs
242 1947 271 1999 te
300 1936 431 1999 doctior
461 1937 640 2000 discedam.
687 1937 789 2019 Finge
812 1949 922 2000 autern
953 1938 1142 2018 quempiam
1165 1936 1294 1999 illorum
1318 1936 1434 1999 audias
1456 1938 1487 1998 in
1511 1937 1599 1998 hunc

176 2040 286 2104 lortasse
308 2060 436 2103 morem
460 2042 611 2104 oratione
634 2062 693 2104 sua
718 2052 749 2103 te
771 2042 1044 2113 accedentem.‹³r
1614 2064 1639 2106 ra

241 2145 357 2220 Habes,
388 2145 520 2208 domine
550 2146 699 2222 Michael,
730 2146 887 2226 quicquid
918 2145 1006 2208 istud
1037 2146 1206 2207 nominare
1237 2144 1386 2220 volueris,
1417 2144 1599 2225 epistolam,

177 2248 342 2330 apologiam,
367 2249 543 2331 dialogum,
572 2270 629 2313 seu
653 2271 697 2311 ex
720 2250 874 2312 omnibus
898 2249 959 2311 illis
982 2250 1025 2311 ita
1048 2260 1173 2311 temere
1197 2250 1393 2311 coeuntibus
1417 2259 1601 2311 monstrum

179 2351 320 2431 quoddam
343 2353 423 2416 illud
448 2354 583 2416 forsitan
608 2354 829 2416 Herculeum:
853 2373 1041 2435 quanquam
1066 2353 1145 2415 illud
1162 2373 1223 2433 pro
1239 2364 1388 2415 monstro
1404 2372 1464 2414 nec
1482 2351 1602 2414 Plinius

178 2466 349 2535 agnosceret,
384 2461 439 2538 qui
469 2478 541 2520 eam
572 2459 715 2520 maxime
746 2457 919 2537 epistolam
950 2456 1070 2532 laudat,
1105 2476 1190 2536 quae
1221 2458 1350 2518 comico
1374 2456 1448 2519 stilo
1472 2466 1522 2518 est
1546 2454 1602 2517 ad-

180 2559 271 2637 similis,
297 2581 356 2624 nec
379 2562 555 2638 LucianuS,
579 2563 634 2643 qui
658 2561 807 2643 dialogos
831 2562 965 2623 comicis
989 2560 1111 2624 salibus
1138 2580 1177 2622 ac
1209 2560 1363 2623 loedoriis
1387 2561 1642 2625 scaturientesm

180 2665 294 2727 maxime
323 2667 451 2746 probat,
478 2667 600 2747 quique
633 2666 743 2728 stilum
774 2686 834 2727 nec
867 2666 990 2727 habent
1020 2667 1180 2747 tragicum
1210 2685 1269 2727 nec
1301 2666 1391 2727 humi
1414 2675 1602 2745 serpentem

180 2765 224 2826 sed
247 2770 335 2846 plane
367 2770 578 2846 mediocrem,
613 2790 688 2832 eum
721 2769 851 2845 scilicet,
886 2788 984 2849 quem
1016 2770 1095 2831 dare
1130 2769 1249 2831 Plinius
1279 2769 1437 2850 epistolae
1468 2787 1602 2850 quoque

180 2874 315 2953 praecipit,
338 2885 375 2936 ut
398 2875 442 2936 ita
465 2874 685 2954 pulcherrime
710 2875 903 2936 conveniant
926 2893 1029 2953 seque
1053 2884 1169 2936 mutuo
1192 2875 1374 2936 sustineant
1397 2883 1430 2936 et
1452 2873 1602 2954 dialogus

179 2982 202 3032 et
219 2978 350 3056 epistola,
375 2979 510 3059 quando
534 2979 674 3042 alterum
699 2978 832 3040 alterius
855 2988 886 3039 et
909 2979 978 3039 iure
1001 2978 1143 3058 gaudeat
1166 2988 1197 3040 et
1222 2979 1304 3040 stilo.
1350 2977 1479 3056 Quibus
1503 2978 1601 3039 tacito

180 3081 297 3152 quodam
328 3103 492 3145 consensu
520 3082 673 3165 apologia
697 3102 830 3163 quoque
854 3082 1038 3153 subscribit,
1072 3101 1157 3163 quae
1185 3081 1351 3164 dialogum
1383 3082 1505 3162 ubique
1535 3100 1641 3144 nonu

178 3183 260 3245 secius
280 3208 356 3250 sane
380 3189 557 3250 comitatur
589 3208 688 3267 quam
717 3188 835 3249 umbra
858 3207 981 3265 corpus
1036 3186 1113 3249 Non
1136 3186 1231 3268 igitur
1255 3196 1439 3248 monstrum
1463 3184 1602 3248 sortasse

180 3291 363 3367 reputabitur,
395 3292 486 3372 quod
519 3313 562 3354 ex
592 3294 697 3354 tribus
727 3302 819 3353 tanto
847 3292 1052 3371 cognationis
1083 3292 1153 3352 iure
1183 3301 1338 3371 tantaque
1362 3290 1602 3352 necessitudine

179 3387 223 3449 sibi
242 3393 389 3459 devinctis
413 3396 544 3459 coaluit.
568 3397 644 3460 Sive
666 3396 762 3478 igitur
785 3396 826 3458 sit
844 3395 984 3475 epistola
999 3412 1058 3457 seu
1074 3395 1226 3477 apologia
1241 3416 1300 3457 seu
1317 3396 1419 3476 magis
1441 3394 1600 3477 dialogus,

179 3491 228 3555 sive
247 3518 299 3562 nec
322 3500 461 3580 epistola
484 3520 545 3563 nec
569 3500 720 3582 dialogus
743 3519 804 3561 nec
828 3499 989 3581 apologia,
1019 3500 1061 3561 ad
1085 3509 1117 3561 te
1140 3509 1259 3575 tamen,
1283 3499 1440 3580 quicquid
1463 3500 1528 3561 hoc
1551 3508 1602 3562 est

179 3606 296 3681 monstri,
312 3606 468 3687 dirigitur.
485 3604 534 3668 Te
550 3605 644 3668 labor
660 3604 711 3666 hic
727 3604 847 3666 deinde
864 3605 1015 3680 manebit,
1039 3616 1074 3666 ut
1091 3604 1179 3666 illum
1197 3606 1304 3666 bonus
1321 3603 1482 3667 Hercules
1498 3624 1600 3667 exan-
1614 3621 1641 3664 so

178 3696 246 3767 clare
259 3711 391 3791 cogaris,
406 3719 439 3772 et
455 3709 532 3771 nihil
549 3709 651 3772 simile
664 3730 682 3770 a
694 3710 798 3785 nobis,
811 3717 847 3769 ut
858 3718 893 3769 tu
907 3708 996 3783 dicis,
1010 3707 1095 3770 ltalis
1109 3708 1247 3787 posthac
1260 3708 1470 3787 expostules;
1486 3725 1601 3789 quam-

178 3818 256 3880 quam
275 3814 441 3892 praeclare
456 3814 566 3878 forsan
581 3825 700 3890 tecum,
724 3823 768 3889 ut,
790 3814 846 3893 qui
861 3811 993 3893 siliquas
1010 3813 1158 3892 optabas,
1181 3822 1365 3874 monstrum
1382 3812 1446 3874 hoc
1462 3813 1602 3893 accipias

177 3921 237 3972 vere
261 3915 486 3994 lursuraceum,
516 3918 580 3980 hoc
610 3927 668 3994 est,
697 3927 733 3979 ut
762 3937 824 3998 ego
855 3917 1060 3997 interpretor,
1091 3914 1210 3978 nullius
1234 3919 1399 3978 momenti.
1445 3914 1513 3979 Sed
1536 3936 1603 3979 non

177 4014 274 4084 Patitur
295 4032 427 4101 tempus
450 4023 542 4084 iocos
565 4033 674 4084 tecum
699 4022 835 4084 miscere
866 4021 1037 4102 longiores,
1065 4021 1226 4100 siquidem
1257 4021 1309 4082 hic
1332 4021 1465 4082 tabellio
1488 4041 1602 4083 aurern

176 4114 236 4180 mihi
255 4125 337 4188 vellit
360 4126 472 4188 dicens
495 4125 643 4189 Bononia
666 4126 821 4206 perendie
845 4146 880 4187 se
904 4144 1119 4186 excessurum
1143 4145 1338 4207 rogansque,
1361 4134 1398 4186 ut
1421 4124 1543 4205 aliquid
1559 4125 1601 4186 ad
1615 4141 1643 4183 ³5

175 4221 198 4274 le
218 4221 372 4293 literarum
396 4232 622 4293 transmittam.
647 4231 767 4293 Aiebat
790 4230 822 4292 id
847 4250 920 4291 mea
943 4249 1059 4291 caussa
1083 4227 1254 4306 iacturum,
1278 4239 1309 4291 et
1334 4250 1368 4290 se
1394 4228 1530 4291 libenter
1546 4249 1602 4290 eas

177 4318 377 4415 delaturum.⁴)
402 4334 476 4417 Ego
499 4356 587 4414 vero,
620 4344 656 4397 ut
680 4354 753 4396 sum
776 4335 808 4395 in
831 4355 869 4396 ea
893 4343 985 4413 parte
1016 4354 1082 4395 non
1105 4334 1238 4395 omnino
1262 4333 1465 4414 pigerrimus,
1492 4333 1603 4395 oblata

178 4427 239 4494 ffllhi
258 4439 430 4502 occasione
454 4439 590 4503 libenter
614 4440 698 4501 hanc
721 4458 828 4499 meam
851 4437 1149 4500 confabulationem
1181 4457 1256 4500 curn
1280 4437 1334 4499 illo
1359 4437 1522 4500 monacho
1546 4437 1602 4500 ha-

178 4525 258 4602 bitam
278 4542 319 4605 ad
343 4553 376 4605 te
400 4545 604 4623 perscribere
628 4542 724 4618 volui,
747 4554 782 4604 ut
806 4542 972 4624 intelligas,
1003 4543 1114 4623 quanti
1147 4541 1258 4622 religio
1286 4541 1375 4621 apud
1400 4561 1515 4602 omnes
1538 4540 1603 4602 fere

180 4629 258 4706 Italos
278 4646 392 4723 valeat,
422 4667 524 4728 quum
548 4648 608 4727 ipsi
632 4648 810 4710 etiamnum
834 4646 994 4723 monachi,
1025 4647 1080 4727 qui
1103 4655 1135 4707 et
1157 4646 1336 4708 sanctitatis
1359 4656 1391 4706 et
1414 4646 1604 4707 eruditionis
1618 4661 1644 4703 ro

179 4766 357 4793 &—

248 4848 266 4917 ¹)
283 4838 317 4903 li:
337 4851 529 4919 praevaricari.

248 4934 266 5004 ¹)
282 4923 317 4989 ll:
338 4937 419 4991 intra.

250 5021 267 5087 ¹)
284 5026 352 5093 (Zde
370 5025 472 5094 poclna
491 5043 520 5076 se
542 5024 686 5077 »tradant«
707 5041 795 5083 samo,
814 5022 977 5090 zaujlmajlcl
997 5041 1013 5072 v
1026 5023 1154 5091 rulropise
1176 5024 1206 5075 ll
1225 5023 1366 5092 fotiovpch
1388 5023 1506 5082 strenel,
1524 5023 1606 5090 jehoi

181 5104 243 5178 lesky'
260 5115 369 5182 pleklad
389 5113 488 5182 portdit
506 5101 598 5165 liehol
618 5112 714 5181 Hruby
733 5130 748 5164 z
766 5113 853 5180 Jelenl
866 5130 882 5163 a
895 5112 999 5163 umlstil
1019 5127 1052 5162 ve
1066 5112 1143 5162 svem
1159 5110 1308 5164 Sbornilru.
1327 5113 1373 5178 llly
1388 5109 1416 5177 je
1430 5110 1480 5162 zde
1494 5110 1606 5177 jalroito

180 5189 235 5248 litlru
251 5201 317 5254 diste
336 5199 535 5253 naboienslrou
553 5199 704 5267 pomijime.
726 5201 823 5250 Potom
845 5199 937 5250 zavlra
957 5198 1074 5265 Pisecky‘
1094 5197 1140 5249 list
1158 5196 1216 5263 svbj
1237 5199 1339 5255 talrtozt

248 5286 267 5356 ⁴)
284 5275 319 5341 ll:
338 5287 439 5342 Aiebat
456 5294 484 5340 et
501 5304 531 5339 se
550 5287 667 5340 libenter
685 5303 733 5338 eas
751 5287 904 5338 delaturum
926 5293 953 5336 et
972 5292 999 5336 te
1019 5300 1075 5335 non
1094 5284 1202 5351 ingrate
1220 5292 1410 5352 accepturum.
