<?xml version="1.0" encoding="UTF-8"?>
<!DOCTYPE html PUBLIC "-//W3C//DTD XHTML 1.0 Transitional//EN"
    "http://www.w3.org/TR/xhtml1/DTD/xhtml1-transitional.dtd">
<html xmlns="http://www.w3.org/1999/xhtml" xml:lang="en" lang="en">
 <head>
  <title>
</title>
<meta http-equiv="Content-Type" content="text/html;charset=utf-8" />
  <meta name='ocr-system' content='tesseract 3.04.00' />
  <meta name='ocr-capabilities' content='ocr_page ocr_carea ocr_par ocr_line ocrx_word'/>
</head>
<body>
  <div class='ocr_page' id='page_1' title='image "./dvalistehumanis00vegoog/dvalistehumanis00vegoog_0083.png"; bbox 0 0 3674 5858; ppageno 0'>
   <div class='ocr_carea' id='block_1_1' title="bbox 210 408 1249 480">
    <p class='ocr_par' dir='ltr' id='par_1_1' title="bbox 210 408 1249 480">
     <span class='ocr_line' id='line_1_1' title="bbox 210 408 1249 480; baseline 0.001 -21"><span class='ocrx_word' id='word_1_1' title='bbox 210 409 244 460; x_wconf 73' lang='lat' dir='ltr'>tal</span> <span class='ocrx_word' id='word_1_2' title='bbox 623 410 729 464; x_wconf 72' lang='lat' dir='ltr'>Vaelav</span> <span class='ocrx_word' id='word_1_3' title='bbox 747 410 864 480; x_wconf 62' lang='lat' dir='ltr'>Plseelry</span> <span class='ocrx_word' id='word_1_4' title='bbox 886 413 969 464; x_wconf 83' lang='lat' dir='ltr'>l&#39;etru</span> <span class='ocrx_word' id='word_1_5' title='bbox 987 411 1152 464; x_wconf 72' lang='lat' dir='ltr'>Plseekemu</span> <span class='ocrx_word' id='word_1_6' title='bbox 1173 408 1249 463; x_wconf 78' lang='lat'>1510.</span> 
     </span>
    </p>
   </div>
   <div class='ocr_carea' id='block_1_2' title="bbox 168 621 1666 5392">
    <p class='ocr_par' dir='ltr' id='par_1_2' title="bbox 168 621 1666 5392">
     <span class='ocr_line' id='line_1_2' title="bbox 211 621 1663 704; baseline -0.002 -18"><span class='ocrx_word' id='word_1_7' title='bbox 211 625 263 686; x_wconf 92' lang='lat' dir='ltr'>illa</span> <span class='ocrx_word' id='word_1_8' title='bbox 293 633 325 685; x_wconf 87' lang='lat' dir='ltr'>et</span> <span class='ocrx_word' id='word_1_9' title='bbox 355 623 495 686; x_wconf 91' lang='lat' dir='ltr'>candida</span> <span class='ocrx_word' id='word_1_10' title='bbox 526 624 733 703; x_wconf 83' lang='lat' dir='ltr'>philosophia</span> <span class='ocrx_word' id='word_1_11' title='bbox 764 622 867 686; x_wconf 90' lang='lat' dir='ltr'>alieni.</span> <span class='ocrx_word' id='word_1_12' title='bbox 913 621 1045 703; x_wconf 86' lang='lat' dir='ltr'>Quotus</span> <span class='ocrx_word' id='word_1_13' title='bbox 1075 624 1161 685; x_wconf 90' lang='lat' dir='ltr'>enim</span> <span class='ocrx_word' id='word_1_14' title='bbox 1192 624 1331 704; x_wconf 92' lang='lat' dir='ltr'>quisque</span> <span class='ocrx_word' id='word_1_15' title='bbox 1361 622 1491 684; x_wconf 93' lang='lat' dir='ltr'>illorum</span> <span class='ocrx_word' id='word_1_16' title='bbox 1522 632 1583 696; x_wconf 92' lang='lat' dir='ltr'>est,</span> <span class='ocrx_word' id='word_1_17' title='bbox 1606 622 1663 702; x_wconf 93' lang='lat' dir='ltr'>qui</span> 
     </span>
     <span class='ocr_line' id='line_1_3' title="bbox 211 726 1664 809; baseline -0.003 -19"><span class='ocrx_word' id='word_1_18' title='bbox 211 727 422 790; x_wconf 79' lang='lat' dir='ltr'>Aristotelem</span> <span class='ocrx_word' id='word_1_19' title='bbox 445 729 488 789; x_wconf 92' lang='lat' dir='ltr'>de</span> <span class='ocrx_word' id='word_1_20' title='bbox 505 727 583 789; x_wconf 81' lang='lat' dir='ltr'>facie</span> <span class='ocrx_word' id='word_1_21' title='bbox 607 728 717 790; x_wconf 89' lang='lat' dir='ltr'>videre</span> <span class='ocrx_word' id='word_1_22' title='bbox 741 738 842 805; x_wconf 90' lang='lat' dir='ltr'>curet,</span> <span class='ocrx_word' id='word_1_23' title='bbox 865 737 995 808; x_wconf 88' lang='lat' dir='ltr'>quotus,</span> <span class='ocrx_word' id='word_1_24' title='bbox 1018 728 1074 808; x_wconf 90' lang='lat' dir='ltr'>qui</span> <span class='ocrx_word' id='word_1_25' title='bbox 1089 728 1138 789; x_wconf 89' lang='lat' dir='ltr'>vel</span> <span class='ocrx_word' id='word_1_26' title='bbox 1155 727 1354 809; x_wconf 80' lang='lat' dir='ltr'>geometriae</span> <span class='ocrx_word' id='word_1_27' title='bbox 1370 726 1419 788; x_wconf 93' lang='lat' dir='ltr'>vel</span> <span class='ocrx_word' id='word_1_28' title='bbox 1436 726 1664 789; x_wconf 84' lang='lat' dir='ltr'>arithmeticae</span> 
     </span>
     <span class='ocr_line' id='line_1_4' title="bbox 210 830 1665 912; baseline -0.002 -19"><span class='ocrx_word' id='word_1_29' title='bbox 210 834 253 894; x_wconf 88' lang='lat' dir='ltr'>ita</span> <span class='ocrx_word' id='word_1_30' title='bbox 276 831 425 912; x_wconf 80' lang='lat' dir='ltr'>invigilet,</span> <span class='ocrx_word' id='word_1_31' title='bbox 456 842 491 893; x_wconf 89' lang='grc'>111</span> <span class='ocrx_word' id='word_1_32' title='bbox 522 832 695 895; x_wconf 82' lang='lat' dir='ltr'>Platonicis</span> <span class='ocrx_word' id='word_1_33' title='bbox 719 832 820 894; x_wconf 90' lang='lat' dir='ltr'>sacris</span> <span class='ocrx_word' id='word_1_34' title='bbox 843 833 957 894; x_wconf 91' lang='lat' dir='ltr'>initiari</span> <span class='ocrx_word' id='word_1_35' title='bbox 981 832 1094 911; x_wconf 85' lang='lat' dir='ltr'>possit,</span> <span class='ocrx_word' id='word_1_36' title='bbox 1124 852 1208 912; x_wconf 90' lang='lat' dir='ltr'>quae</span> <span class='ocrx_word' id='word_1_37' title='bbox 1231 842 1404 910; x_wconf 84' lang='lat' dir='ltr'>tantopere</span> <span class='ocrx_word' id='word_1_38' title='bbox 1427 830 1604 906; x_wconf 77' lang='lat' dir='ltr'>fastidiunt,</span> <span class='ocrx_word' id='word_1_39' title='bbox 1628 840 1665 890; x_wconf 90' lang='lat' dir='ltr'>ut</span> 
     </span>
     <span class='ocr_line' id='line_1_5' title="bbox 211 934 1664 1016; baseline -0.002 -19"><span class='ocrx_word' id='word_1_40' title='bbox 211 956 248 997; x_wconf 89' lang='lat' dir='ltr'>ea</span> <span class='ocrx_word' id='word_1_41' title='bbox 271 956 331 998; x_wconf 92' lang='lat' dir='ltr'>nec</span> <span class='ocrx_word' id='word_1_42' title='bbox 354 935 402 997; x_wconf 87' lang='lat' dir='ltr'>vel</span> <span class='ocrx_word' id='word_1_43' title='bbox 427 957 445 997; x_wconf 93' lang='lat' dir='ltr'>a</span> <span class='ocrx_word' id='word_1_44' title='bbox 469 936 576 997; x_wconf 90' lang='lat' dir='ltr'>limine</span> <span class='ocrx_word' id='word_1_45' title='bbox 600 934 740 998; x_wconf 89' lang='lat' dir='ltr'>salutare</span> <span class='ocrx_word' id='word_1_46' title='bbox 763 937 946 1016; x_wconf 80' lang='lat' dir='ltr'>dignentur.</span> <span class='ocrx_word' id='word_1_47' title='bbox 971 936 1077 998; x_wconf 85' lang='lat' dir='ltr'>Raros</span> <span class='ocrx_word' id='word_1_48' title='bbox 1100 936 1197 997; x_wconf 90' lang='lat' dir='ltr'>etiam</span> <span class='ocrx_word' id='word_1_49' title='bbox 1220 935 1363 997; x_wconf 88' lang='lat' dir='ltr'>invenias</span> <span class='ocrx_word' id='word_1_50' title='bbox 1378 955 1516 1016; x_wconf 86' lang='lat' dir='ltr'>graecae</span> <span class='ocrx_word' id='word_1_51' title='bbox 1532 935 1664 1015; x_wconf 83' lang='lat' dir='ltr'>linguae</span> 
     </span>
     <span class='ocr_line' id='line_1_6' title="bbox 183 1038 1664 1121; baseline -0.001 -21"><span class='ocrx_word' id='word_1_52' title='bbox 183 1049 434 1114; x_wconf 70' lang='lat' dir='ltr'>sassectatores,</span> <span class='ocrx_word' id='word_1_53' title='bbox 457 1049 514 1101; x_wconf 88' lang='lat' dir='ltr'>aut</span> <span class='ocrx_word' id='word_1_54' title='bbox 537 1041 612 1120; x_wconf 87' lang='lat' dir='ltr'>quia</span> <span class='ocrx_word' id='word_1_55' title='bbox 635 1039 825 1103; x_wconf 81' lang='lat' dir='ltr'>difficultate</span> <span class='ocrx_word' id='word_1_56' title='bbox 840 1042 1072 1115; x_wconf 89' lang='lat' dir='ltr'>absterrentur,</span> <span class='ocrx_word' id='word_1_57' title='bbox 1095 1050 1150 1101; x_wconf 89' lang='lat' dir='ltr'>aut</span> <span class='ocrx_word' id='word_1_58' title='bbox 1167 1041 1242 1121; x_wconf 89' lang='lat' dir='ltr'>quia</span> <span class='ocrx_word' id='word_1_59' title='bbox 1258 1039 1347 1102; x_wconf 93' lang='lat' dir='ltr'>nullo</span> <span class='ocrx_word' id='word_1_60' title='bbox 1363 1039 1455 1102; x_wconf 92' lang='lat' dir='ltr'>lucro</span> <span class='ocrx_word' id='word_1_61' title='bbox 1471 1038 1664 1119; x_wconf 90' lang='lat' dir='ltr'>pecuniario</span> 
     </span>
     <span class='ocr_line' id='line_1_7' title="bbox 212 1141 1665 1224; baseline -0.003 -19"><span class='ocrx_word' id='word_1_62' title='bbox 212 1144 426 1222; x_wconf 89' lang='lat' dir='ltr'>pelliciuntur,</span> <span class='ocrx_word' id='word_1_63' title='bbox 448 1145 507 1205; x_wconf 90' lang='lat' dir='ltr'>etsi</span> <span class='ocrx_word' id='word_1_64' title='bbox 531 1163 667 1224; x_wconf 84' lang='lat' dir='ltr'>graecae</span> <span class='ocrx_word' id='word_1_65' title='bbox 691 1144 802 1206; x_wconf 88' lang='lat' dir='ltr'>literae</span> <span class='ocrx_word' id='word_1_66' title='bbox 832 1145 864 1205; x_wconf 94' lang='lat' dir='ltr'>id</span> <span class='ocrx_word' id='word_1_67' title='bbox 889 1145 948 1207; x_wconf 89' lang='lat' dir='ltr'>sibi</span> <span class='ocrx_word' id='word_1_68' title='bbox 972 1144 1166 1223; x_wconf 90' lang='lat' dir='ltr'>iampridem</span> <span class='ocrx_word' id='word_1_69' title='bbox 1191 1147 1426 1223; x_wconf 79' lang='lat' dir='ltr'>usurpaverint</span> <span class='ocrx_word' id='word_1_70' title='bbox 1450 1153 1484 1205; x_wconf 93' lang='lat' dir='ltr'>ut</span> <span class='ocrx_word' id='word_1_71' title='bbox 1508 1143 1578 1204; x_wconf 90' lang='lat' dir='ltr'>sine</span> <span class='ocrx_word' id='word_1_72' title='bbox 1602 1141 1665 1202; x_wconf 87' lang='lat' dir='ltr'>illis</span> 
     </span>
     <span class='ocr_line' id='line_1_8' title="bbox 211 1246 1663 1329; baseline -0.002 -20"><span class='ocrx_word' id='word_1_73' title='bbox 211 1268 271 1309; x_wconf 93' lang='lat' dir='ltr'>nec</span> <span class='ocrx_word' id='word_1_74' title='bbox 295 1247 501 1328; x_wconf 91' lang='lat' dir='ltr'>philosophia</span> <span class='ocrx_word' id='word_1_75' title='bbox 524 1267 584 1309; x_wconf 92' lang='lat' dir='ltr'>nec</span> <span class='ocrx_word' id='word_1_76' title='bbox 608 1247 673 1309; x_wconf 90' lang='lat' dir='ltr'>ulla</span> <span class='ocrx_word' id='word_1_77' title='bbox 696 1248 757 1310; x_wconf 92' lang='lat' dir='ltr'>alia</span> <span class='ocrx_word' id='word_1_78' title='bbox 780 1248 952 1310; x_wconf 87' lang='lat' dir='ltr'>candidior</span> <span class='ocrx_word' id='word_1_79' title='bbox 974 1249 1109 1310; x_wconf 86' lang='lat' dir='ltr'>scientia</span> <span class='ocrx_word' id='word_1_80' title='bbox 1132 1250 1233 1310; x_wconf 88' lang='lat' dir='ltr'>teneri</span> <span class='ocrx_word' id='word_1_81' title='bbox 1257 1249 1369 1328; x_wconf 90' lang='lat' dir='ltr'>possit.</span> <span class='ocrx_word' id='word_1_82' title='bbox 1393 1246 1558 1329; x_wconf 87' lang='lat' dir='ltr'>Quicquid</span> <span class='ocrx_word' id='word_1_83' title='bbox 1576 1249 1663 1307; x_wconf 89' lang='lat' dir='ltr'>enim</span> 
     </span>
     <span class='ocr_line' id='line_1_9' title="bbox 212 1349 1664 1432; baseline -0.003 -17"><span class='ocrx_word' id='word_1_84' title='bbox 212 1353 299 1432; x_wconf 88' lang='lat' dir='ltr'>apud</span> <span class='ocrx_word' id='word_1_85' title='bbox 333 1352 468 1414; x_wconf 87' lang='lat' dir='ltr'>Latinos</span> <span class='ocrx_word' id='word_1_86' title='bbox 498 1361 554 1415; x_wconf 91' lang='lat' dir='ltr'>aut</span> <span class='ocrx_word' id='word_1_87' title='bbox 584 1362 634 1414; x_wconf 91' lang='lat' dir='ltr'>est</span> <span class='ocrx_word' id='word_1_88' title='bbox 664 1354 843 1415; x_wconf 90' lang='lat' dir='ltr'>obscurum</span> <span class='ocrx_word' id='word_1_89' title='bbox 874 1363 929 1415; x_wconf 88' lang='lat' dir='ltr'>aut</span> <span class='ocrx_word' id='word_1_90' title='bbox 958 1373 1110 1415; x_wconf 92' lang='lat' dir='ltr'>mancum</span> <span class='ocrx_word' id='word_1_91' title='bbox 1141 1364 1197 1414; x_wconf 89' lang='grc'><strong>3111</strong></span> <span class='ocrx_word' id='word_1_92' title='bbox 1225 1353 1413 1429; x_wconf 92' lang='lat' dir='ltr'>barbarum,</span> <span class='ocrx_word' id='word_1_93' title='bbox 1441 1361 1549 1414; x_wconf 87' lang='lat' dir='ltr'>totum</span> <span class='ocrx_word' id='word_1_94' title='bbox 1581 1349 1664 1411; x_wconf 92' lang='lat' dir='ltr'>illud</span> 
     </span>
     <span class='ocr_line' id='line_1_10' title="bbox 211 1452 1666 1539; baseline -0.003 -22"><span class='ocrx_word' id='word_1_95' title='bbox 211 1457 299 1536; x_wconf 87' lang='lat' dir='ltr'>apud</span> <span class='ocrx_word' id='word_1_96' title='bbox 324 1456 471 1519; x_wconf 89' lang='lat' dir='ltr'>Graecos</span> <span class='ocrx_word' id='word_1_97' title='bbox 493 1457 636 1518; x_wconf 89' lang='lat' dir='ltr'>invenias</span> <span class='ocrx_word' id='word_1_98' title='bbox 660 1456 805 1520; x_wconf 88' lang='lat' dir='ltr'>lucidum</span> <span class='ocrx_word' id='word_1_99' title='bbox 830 1458 990 1539; x_wconf 88' lang='lat' dir='ltr'>integrum</span> <span class='ocrx_word' id='word_1_100' title='bbox 1014 1457 1145 1539; x_wconf 83' lang='lat' dir='ltr'>elegans</span> <span class='ocrx_word' id='word_1_101' title='bbox 1175 1467 1207 1519; x_wconf 90' lang='lat' dir='ltr'>et</span> <span class='ocrx_word' id='word_1_102' title='bbox 1238 1456 1527 1519; x_wconf 87' lang='lat' dir='ltr'>absolutissimum.</span> <span class='ocrx_word' id='word_1_103' title='bbox 1575 1452 1666 1532; x_wconf 85' lang='lat' dir='ltr'>Quia</span> 
     </span>
     <span class='ocr_line' id='line_1_11' title="bbox 173 1559 1664 1642; baseline -0.005 -16"><span class='ocrx_word' id='word_1_104' title='bbox 173 1584 199 1628; x_wconf 88' lang='grc'>10</span> <span class='ocrx_word' id='word_1_105' title='bbox 212 1582 289 1622; x_wconf 89' lang='lat' dir='ltr'>vero</span> <span class='ocrx_word' id='word_1_106' title='bbox 313 1581 377 1623; x_wconf 91' lang='lat' dir='ltr'>non</span> <span class='ocrx_word' id='word_1_107' title='bbox 400 1570 522 1622; x_wconf 90' lang='lat' dir='ltr'>tantam</span> <span class='ocrx_word' id='word_1_108' title='bbox 550 1560 736 1640; x_wconf 86' lang='lat' dir='ltr'>praeferunt</span> <span class='ocrx_word' id='word_1_109' title='bbox 770 1561 848 1623; x_wconf 93' lang='lat' dir='ltr'>lucri</span> <span class='ocrx_word' id='word_1_110' title='bbox 878 1562 1074 1642; x_wconf 84' lang='lat' dir='ltr'>promissam</span> <span class='ocrx_word' id='word_1_111' title='bbox 1099 1562 1181 1639; x_wconf 78' lang='lat' dir='ltr'>lsicl,</span> <span class='ocrx_word' id='word_1_112' title='bbox 1211 1581 1303 1623; x_wconf 90' lang='lat' dir='ltr'>rarus</span> <span class='ocrx_word' id='word_1_113' title='bbox 1334 1562 1472 1641; x_wconf 91' lang='lat' dir='ltr'>quisque</span> <span class='ocrx_word' id='word_1_114' title='bbox 1504 1559 1664 1620; x_wconf 85' lang='lat' dir='ltr'>Italorum</span> 
     </span>
     <span class='ocr_line' id='line_1_12' title="bbox 212 1663 1664 1747; baseline -0.002 -21"><span class='ocrx_word' id='word_1_115' title='bbox 212 1665 271 1727; x_wconf 94' lang='lat' dir='ltr'>illis</span> <span class='ocrx_word' id='word_1_116' title='bbox 294 1667 460 1727; x_wconf 89' lang='lat' dir='ltr'>incumbit.</span> <span class='ocrx_word' id='word_1_117' title='bbox 484 1665 563 1727; x_wconf 89' lang='lat' dir='ltr'>lnde</span> <span class='ocrx_word' id='word_1_118' title='bbox 586 1667 687 1747; x_wconf 85' lang='lat' dir='ltr'>surgit</span> <span class='ocrx_word' id='word_1_119' title='bbox 713 1676 965 1745; x_wconf 88' lang='lat' dir='ltr'>praeceptorum</span> <span class='ocrx_word' id='word_1_120' title='bbox 983 1666 1127 1747; x_wconf 89' lang='lat' dir='ltr'>penuria,</span> <span class='ocrx_word' id='word_1_121' title='bbox 1150 1676 1181 1727; x_wconf 88' lang='lat' dir='ltr'>et</span> <span class='ocrx_word' id='word_1_122' title='bbox 1206 1666 1386 1727; x_wconf 83' lang='lat' dir='ltr'>maximum</span> <span class='ocrx_word' id='word_1_123' title='bbox 1404 1664 1581 1738; x_wconf 86' lang='lat' dir='ltr'>Bononiae,</span> <span class='ocrx_word' id='word_1_124' title='bbox 1606 1663 1664 1724; x_wconf 91' lang='lat' dir='ltr'>ubi</span> 
     </span>
     <span class='ocr_line' id='line_1_13' title="bbox 212 1767 1665 1851; baseline -0.001 -21"><span class='ocrx_word' id='word_1_125' title='bbox 212 1772 265 1830; x_wconf 87' lang='lat' dir='ltr'>vix</span> <span class='ocrx_word' id='word_1_126' title='bbox 289 1790 373 1832; x_wconf 89' lang='lat' dir='ltr'>unus</span> <span class='ocrx_word' id='word_1_127' title='bbox 396 1781 593 1849; x_wconf 89' lang='lat' dir='ltr'>praeceptor</span> <span class='ocrx_word' id='word_1_128' title='bbox 616 1779 673 1845; x_wconf 88' lang='lat' dir='ltr'>cst,</span> <span class='ocrx_word' id='word_1_129' title='bbox 704 1769 823 1831; x_wconf 92' lang='lat' dir='ltr'>doctus</span> <span class='ocrx_word' id='word_1_130' title='bbox 846 1770 896 1831; x_wconf 88' lang='lat' dir='ltr'>ille</span> <span class='ocrx_word' id='word_1_131' title='bbox 920 1769 1063 1851; x_wconf 91' lang='lat' dir='ltr'>quidem,</span> <span class='ocrx_word' id='word_1_132' title='bbox 1086 1767 1144 1832; x_wconf 93' lang='lat' dir='ltr'>sed</span> <span class='ocrx_word' id='word_1_133' title='bbox 1167 1789 1261 1847; x_wconf 91' lang='lat' dir='ltr'>unus,</span> <span class='ocrx_word' id='word_1_134' title='bbox 1284 1770 1343 1832; x_wconf 91' lang='lat' dir='ltr'>sed</span> <span class='ocrx_word' id='word_1_135' title='bbox 1367 1770 1522 1849; x_wconf 89' lang='lat' dir='ltr'>privatus.</span> <span class='ocrx_word' id='word_1_136' title='bbox 1567 1768 1665 1830; x_wconf 85' lang='lat' dir='ltr'>Pata·</span> 
     </span>
     <span class='ocr_line' id='line_1_14' title="bbox 212 1872 1664 1956; baseline -0.001 -23"><span class='ocrx_word' id='word_1_137' title='bbox 212 1875 320 1935; x_wconf 89' lang='lat' dir='ltr'>vinum</span> <span class='ocrx_word' id='word_1_138' title='bbox 345 1874 498 1949; x_wconf 89' lang='lat' dir='ltr'>studium,</span> <span class='ocrx_word' id='word_1_139' title='bbox 521 1875 614 1936; x_wconf 91' lang='lat' dir='ltr'>cuius</span> <span class='ocrx_word' id='word_1_140' title='bbox 637 1894 699 1956; x_wconf 89' lang='lat' dir='ltr'>ego</span> <span class='ocrx_word' id='word_1_141' title='bbox 723 1876 880 1936; x_wconf 89' lang='lat' dir='ltr'>iacturam</span> <span class='ocrx_word' id='word_1_142' title='bbox 898 1894 1026 1936; x_wconf 90' lang='lat' dir='ltr'>summe</span> <span class='ocrx_word' id='word_1_143' title='bbox 1043 1873 1151 1949; x_wconf 91' lang='lat' dir='ltr'>doleo,</span> <span class='ocrx_word' id='word_1_144' title='bbox 1175 1875 1206 1936; x_wconf 93' lang='lat' dir='ltr'>in</span> <span class='ocrx_word' id='word_1_145' title='bbox 1221 1876 1347 1956; x_wconf 85' lang='lat' dir='ltr'>graecis</span> <span class='ocrx_word' id='word_1_146' title='bbox 1363 1873 1460 1935; x_wconf 89' lang='lat' dir='ltr'>literis</span> <span class='ocrx_word' id='word_1_147' title='bbox 1476 1882 1547 1935; x_wconf 88' lang='lat' dir='ltr'>erat</span> <span class='ocrx_word' id='word_1_148' title='bbox 1564 1872 1664 1953; x_wconf 87' lang='lat' dir='ltr'>longe</span> 
     </span>
     <span class='ocr_line' id='line_1_15' title="bbox 212 1976 1663 2060; baseline -0.001 -22"><span class='ocrx_word' id='word_1_149' title='bbox 212 1977 485 2054; x_wconf 90' lang='lat' dir='ltr'>florentissimum,</span> <span class='ocrx_word' id='word_1_150' title='bbox 508 1979 568 2039; x_wconf 89' lang='lat' dir='ltr'>etsi</span> <span class='ocrx_word' id='word_1_151' title='bbox 591 1980 622 2039; x_wconf 91' lang='lat' dir='ltr'>in</span> <span class='ocrx_word' id='word_1_152' title='bbox 646 1977 751 2039; x_wconf 89' lang='lat' dir='ltr'>latinis</span> <span class='ocrx_word' id='word_1_153' title='bbox 775 1976 971 2040; x_wconf 88' lang='lat' dir='ltr'>Bononiensi</span> <span class='ocrx_word' id='word_1_154' title='bbox 1000 1978 1096 2060; x_wconf 90' lang='lat' dir='ltr'>longe</span> <span class='ocrx_word' id='word_1_155' title='bbox 1119 1979 1214 2040; x_wconf 91' lang='lat' dir='ltr'>cedit.</span> <span class='ocrx_word' id='word_1_156' title='bbox 1260 1977 1345 2056; x_wconf 79' lang='lat' dir='ltr'>Quia</span> <span class='ocrx_word' id='word_1_157' title='bbox 1368 1986 1478 2040; x_wconf 89' lang='lat' dir='ltr'>autem</span> <span class='ocrx_word' id='word_1_158' title='bbox 1501 1976 1663 2038; x_wconf 91' lang='lat' dir='ltr'>tumultu-</span> 
     </span>
     <span class='ocr_line' id='line_1_16' title="bbox 173 2081 1663 2163; baseline -0.003 -18"><span class='ocrx_word' id='word_1_159' title='bbox 173 2103 198 2145; x_wconf 83' lang='grc'>11</span> <span class='ocrx_word' id='word_1_160' title='bbox 213 2083 342 2145; x_wconf 92' lang='lat' dir='ltr'>antibus</span> <span class='ocrx_word' id='word_1_161' title='bbox 373 2082 464 2145; x_wconf 91' lang='lat' dir='ltr'>bellis</span> <span class='ocrx_word' id='word_1_162' title='bbox 496 2082 643 2144; x_wconf 92' lang='lat' dir='ltr'>Bononia</span> <span class='ocrx_word' id='word_1_163' title='bbox 674 2094 742 2144; x_wconf 88' lang='lat' dir='ltr'>erat</span> <span class='ocrx_word' id='word_1_164' title='bbox 776 2081 957 2156; x_wconf 88' lang='lat' dir='ltr'>salutanda,</span> <span class='ocrx_word' id='word_1_165' title='bbox 988 2102 1054 2144; x_wconf 89' lang='lat' dir='ltr'>non</span> <span class='ocrx_word' id='word_1_166' title='bbox 1081 2083 1174 2163; x_wconf 90' lang='lat' dir='ltr'>potui</span> <span class='ocrx_word' id='word_1_167' title='bbox 1197 2102 1263 2143; x_wconf 91' lang='lat' dir='ltr'>non</span> <span class='ocrx_word' id='word_1_168' title='bbox 1287 2083 1372 2155; x_wconf 88' lang='lat' dir='ltr'>eniti,</span> <span class='ocrx_word' id='word_1_169' title='bbox 1400 2082 1476 2161; x_wconf 86' lang='lat' dir='ltr'>quin</span> <span class='ocrx_word' id='word_1_170' title='bbox 1500 2083 1663 2142; x_wconf 88' lang='lat' dir='ltr'>iacturam</span> 
     </span>
     <span class='ocr_line' id='line_1_17' title="bbox 212 2185 1663 2267; baseline -0.001 -20"><span class='ocrx_word' id='word_1_171' title='bbox 212 2186 398 2248; x_wconf 89' lang='lat' dir='ltr'>Patavinam</span> <span class='ocrx_word' id='word_1_172' title='bbox 423 2196 602 2248; x_wconf 89' lang='lat' dir='ltr'>restaurem</span> <span class='ocrx_word' id='word_1_173' title='bbox 626 2186 802 2249; x_wconf 84' lang='lat' dir='ltr'>Bononiae.</span> <span class='ocrx_word' id='word_1_174' title='bbox 834 2186 947 2267; x_wconf 90' lang='lat' dir='ltr'>ltaque</span> <span class='ocrx_word' id='word_1_175' title='bbox 969 2187 1025 2247; x_wconf 89' lang='lat' dir='ltr'>ubi</span> <span class='ocrx_word' id='word_1_176' title='bbox 1049 2186 1193 2248; x_wconf 87' lang='lat' dir='ltr'>intellexi</span> <span class='ocrx_word' id='word_1_177' title='bbox 1216 2187 1260 2249; x_wconf 94' lang='lat' dir='ltr'>ob</span> <span class='ocrx_word' id='word_1_178' title='bbox 1285 2185 1448 2247; x_wconf 85' lang='lat' dir='ltr'>delectum</span> <span class='ocrx_word' id='word_1_179' title='bbox 1471 2185 1663 2246; x_wconf 86' lang='lat' dir='ltr'>auditorum</span> 
     </span>
     <span class='ocr_line' id='line_1_18' title="bbox 211 2285 1663 2372; baseline -0.003 -20"><span class='ocrx_word' id='word_1_180' title='bbox 211 2310 356 2353; x_wconf 90' lang='lat' dir='ltr'>cessasse</span> <span class='ocrx_word' id='word_1_181' title='bbox 379 2292 488 2353; x_wconf 90' lang='lat' dir='ltr'>studia</span> <span class='ocrx_word' id='word_1_182' title='bbox 510 2311 702 2372; x_wconf 86' lang='lat' dir='ltr'>graecarum</span> <span class='ocrx_word' id='word_1_183' title='bbox 727 2291 902 2366; x_wconf 87' lang='lat' dir='ltr'>literarum,</span> <span class='ocrx_word' id='word_1_184' title='bbox 926 2292 1021 2370; x_wconf 89' lang='lat' dir='ltr'>coepi</span> <span class='ocrx_word' id='word_1_185' title='bbox 1045 2291 1220 2353; x_wconf 87' lang='lat' dir='ltr'>nonnullos</span> <span class='ocrx_word' id='word_1_186' title='bbox 1244 2289 1460 2352; x_wconf 86' lang='lat' dir='ltr'>scholasticos</span> <span class='ocrx_word' id='word_1_187' title='bbox 1490 2285 1563 2371; x_wconf 58' lang='lat' dir='ltr'>(sic)</span> <span class='ocrx_word' id='word_1_188' title='bbox 1588 2308 1663 2368; x_wconf 88' lang='lat' dir='ltr'>per-</span> 
     </span>
     <span class='ocr_line' id='line_1_19' title="bbox 210 2395 1663 2476; baseline -0.003 -19"><span class='ocrx_word' id='word_1_189' title='bbox 210 2395 356 2471; x_wconf 89' lang='lat' dir='ltr'>suadere,</span> <span class='ocrx_word' id='word_1_190' title='bbox 379 2405 414 2456; x_wconf 91' lang='grc'>111</span> <span class='ocrx_word' id='word_1_191' title='bbox 438 2398 662 2476; x_wconf 89' lang='lat' dir='ltr'>magistratum</span> <span class='ocrx_word' id='word_1_192' title='bbox 687 2395 853 2471; x_wconf 89' lang='lat' dir='ltr'>adeamus,</span> <span class='ocrx_word' id='word_1_193' title='bbox 884 2395 1041 2457; x_wconf 89' lang='lat' dir='ltr'>lectorem</span> <span class='ocrx_word' id='word_1_194' title='bbox 1072 2396 1168 2456; x_wconf 92' lang='lat' dir='ltr'>nobis</span> <span class='ocrx_word' id='word_1_195' title='bbox 1197 2395 1365 2474; x_wconf 90' lang='lat' dir='ltr'>publicum</span> <span class='ocrx_word' id='word_1_196' title='bbox 1397 2395 1467 2455; x_wconf 86' lang='lat' dir='ltr'>dari</span> <span class='ocrx_word' id='word_1_197' title='bbox 1498 2413 1663 2474; x_wconf 82' lang='lat' dir='ltr'>rogemus</span> 
     </span>
     <span class='ocr_line' id='line_1_20' title="bbox 211 2497 1664 2580; baseline -0.003 -19"><span class='ocrx_word' id='word_1_198' title='bbox 211 2497 310 2578; x_wconf 85' lang='lat' dir='ltr'>Quod</span> <span class='ocrx_word' id='word_1_199' title='bbox 335 2510 367 2561; x_wconf 88' lang='lat' dir='ltr'>et</span> <span class='ocrx_word' id='word_1_200' title='bbox 390 2499 512 2561; x_wconf 88' lang='lat' dir='ltr'>lactum</span> <span class='ocrx_word' id='word_1_201' title='bbox 535 2511 584 2562; x_wconf 91' lang='lat' dir='ltr'>est</span> <span class='ocrx_word' id='word_1_202' title='bbox 638 2498 847 2563; x_wconf 82' lang='lat' dir='ltr'>Accessimus</span> <span class='ocrx_word' id='word_1_203' title='bbox 878 2501 973 2573; x_wconf 90' lang='lat' dir='ltr'>enim,</span> <span class='ocrx_word' id='word_1_204' title='bbox 1005 2501 1190 2580; x_wconf 89' lang='lat' dir='ltr'>rogavimus</span> <span class='ocrx_word' id='word_1_205' title='bbox 1217 2508 1249 2559; x_wconf 90' lang='lat' dir='ltr'>et</span> <span class='ocrx_word' id='word_1_206' title='bbox 1272 2500 1338 2560; x_wconf 85' lang='lat' dir='ltr'>voti</span> <span class='ocrx_word' id='word_1_207' title='bbox 1361 2499 1464 2559; x_wconf 89' lang='lat' dir='ltr'>nostri</span> <span class='ocrx_word' id='word_1_208' title='bbox 1488 2508 1664 2574; x_wconf 89' lang='lat' dir='ltr'>compotes</span> 
     </span>
     <span class='ocr_line' id='line_1_21' title="bbox 170 2600 1665 2685; baseline -0.001 -22"><span class='ocrx_word' id='word_1_209' title='bbox 170 2621 197 2663; x_wconf 82' lang='grc'>10</span> <span class='ocrx_word' id='word_1_210' title='bbox 210 2604 380 2665; x_wconf 87' lang='lat' dir='ltr'>evasimus.</span> <span class='ocrx_word' id='word_1_211' title='bbox 405 2603 460 2664; x_wconf 90' lang='lat' dir='ltr'>llle</span> <span class='ocrx_word' id='word_1_212' title='bbox 476 2614 593 2679; x_wconf 89' lang='lat' dir='ltr'>tamen,</span> <span class='ocrx_word' id='word_1_213' title='bbox 617 2605 691 2685; x_wconf 92' lang='lat' dir='ltr'>quia</span> <span class='ocrx_word' id='word_1_214' title='bbox 708 2604 798 2666; x_wconf 89' lang='lat' dir='ltr'>alteri</span> <span class='ocrx_word' id='word_1_215' title='bbox 814 2614 885 2665; x_wconf 89' lang='lat' dir='ltr'>erat</span> <span class='ocrx_word' id='word_1_216' title='bbox 901 2603 1009 2665; x_wconf 86' lang='lat' dir='ltr'>officio</span> <span class='ocrx_word' id='word_1_217' title='bbox 1026 2603 1205 2677; x_wconf 88' lang='lat' dir='ltr'>devinctus,</span> <span class='ocrx_word' id='word_1_218' title='bbox 1230 2612 1367 2664; x_wconf 90' lang='lat' dir='ltr'>autnon</span> <span class='ocrx_word' id='word_1_219' title='bbox 1383 2611 1513 2681; x_wconf 89' lang='lat' dir='ltr'>poterat</span> <span class='ocrx_word' id='word_1_220' title='bbox 1530 2600 1665 2680; x_wconf 89' lang='lat' dir='ltr'>publice</span> 
     </span>
     <span class='ocr_line' id='line_1_22' title="bbox 210 2706 1665 2789; baseline 0.001 -20"><span class='ocrx_word' id='word_1_221' title='bbox 210 2708 407 2788; x_wconf 83' lang='lat' dir='ltr'>praelegere,</span> <span class='ocrx_word' id='word_1_222' title='bbox 430 2728 552 2781; x_wconf 90' lang='lat' dir='ltr'>verum,</span> <span class='ocrx_word' id='word_1_223' title='bbox 583 2729 650 2789; x_wconf 94' lang='lat' dir='ltr'>quo</span> <span class='ocrx_word' id='word_1_224' title='bbox 674 2709 770 2769; x_wconf 91' lang='lat' dir='ltr'>nobis</span> <span class='ocrx_word' id='word_1_225' title='bbox 794 2709 1018 2789; x_wconf 86' lang='lat' dir='ltr'>morigeretur,</span> <span class='ocrx_word' id='word_1_226' title='bbox 1050 2708 1192 2787; x_wconf 84' lang='lat' dir='ltr'>privatas</span> <span class='ocrx_word' id='word_1_227' title='bbox 1224 2707 1380 2768; x_wconf 89' lang='lat' dir='ltr'>lectiones</span> <span class='ocrx_word' id='word_1_228' title='bbox 1402 2706 1581 2786; x_wconf 86' lang='lat' dir='ltr'>adgressus</span> <span class='ocrx_word' id='word_1_229' title='bbox 1606 2715 1665 2770; x_wconf 90' lang='lat' dir='ltr'>est.</span> 
     </span>
     <span class='ocr_line' id='line_1_23' title="bbox 211 2807 1664 2887; baseline -0.003 -15"><span class='ocrx_word' id='word_1_230' title='bbox 211 2811 338 2874; x_wconf 88' lang='lat' dir='ltr'>Deinde</span> <span class='ocrx_word' id='word_1_231' title='bbox 361 2814 404 2873; x_wconf 90' lang='lat' dir='ltr'>ita</span> <span class='ocrx_word' id='word_1_232' title='bbox 428 2812 500 2873; x_wconf 91' lang='lat' dir='ltr'>Deo</span> <span class='ocrx_word' id='word_1_233' title='bbox 526 2811 653 2873; x_wconf 86' lang='lat' dir='ltr'>volente</span> <span class='ocrx_word' id='word_1_234' title='bbox 669 2832 744 2873; x_wconf 94' lang='lat' dir='ltr'>cum</span> <span class='ocrx_word' id='word_1_235' title='bbox 762 2810 915 2874; x_wconf 89' lang='lat' dir='ltr'>cardinali</span> <span class='ocrx_word' id='word_1_236' title='bbox 933 2812 1129 2874; x_wconf 87' lang='lat' dir='ltr'>Bononiensi</span> <span class='ocrx_word' id='word_1_237' title='bbox 1146 2810 1282 2873; x_wconf 89' lang='lat' dir='ltr'>contulit</span> <span class='ocrx_word' id='word_1_238' title='bbox 1299 2832 1334 2872; x_wconf 90' lang='lat' dir='ltr'>se</span> <span class='ocrx_word' id='word_1_239' title='bbox 1351 2810 1533 2872; x_wconf 88' lang='lat' dir='ltr'>Bononiam</span> <span class='ocrx_word' id='word_1_240' title='bbox 1548 2807 1664 2887; x_wconf 88' lang='lat' dir='ltr'>Scipio</span> 
     </span>
     <span class='ocr_line' id='line_1_24' title="bbox 209 2913 1664 2996; baseline -0.003 -19"><span class='ocrx_word' id='word_1_241' title='bbox 209 2915 262 2977; x_wconf 91' lang='lat' dir='ltr'>ille</span> <span class='ocrx_word' id='word_1_242' title='bbox 285 2913 593 2992; x_wconf 84' lang='lat' dir='ltr'>Cartheromachus,</span> <span class='ocrx_word' id='word_1_243' title='bbox 616 2926 777 2996; x_wconf 90' lang='lat' dir='ltr'>utranque</span> <span class='ocrx_word' id='word_1_244' title='bbox 802 2916 943 2995; x_wconf 83' lang='lat' dir='ltr'>linguam</span> <span class='ocrx_word' id='word_1_245' title='bbox 968 2917 1059 2977; x_wconf 79' lang='lat' dir='ltr'>iuxta</span> <span class='ocrx_word' id='word_1_246' title='bbox 1084 2916 1293 2977; x_wconf 88' lang='lat' dir='ltr'>doctissimus</span> <span class='ocrx_word' id='word_1_247' title='bbox 1315 2924 1347 2977; x_wconf 90' lang='lat' dir='ltr'>et</span> <span class='ocrx_word' id='word_1_248' title='bbox 1362 2915 1437 2976; x_wconf 91' lang='lat' dir='ltr'>huic</span> <span class='ocrx_word' id='word_1_249' title='bbox 1454 2913 1664 2993; x_wconf 87' lang='lat' dir='ltr'>praeceptori</span> 
     </span>
     <span class='ocr_line' id='line_1_25' title="bbox 210 3017 1665 3097; baseline -0.003 -16"><span class='ocrx_word' id='word_1_250' title='bbox 210 3030 324 3082; x_wconf 90' lang='lat' dir='ltr'>nostro</span> <span class='ocrx_word' id='word_1_251' title='bbox 355 3021 575 3096; x_wconf 85' lang='lat' dir='ltr'>amicissimus,</span> <span class='ocrx_word' id='word_1_252' title='bbox 606 3020 698 3082; x_wconf 89' lang='lat' dir='ltr'>cuius</span> <span class='ocrx_word' id='word_1_253' title='bbox 731 3018 956 3082; x_wconf 86' lang='lat' dir='ltr'>benevolentia</span> <span class='ocrx_word' id='word_1_254' title='bbox 986 3020 1150 3081; x_wconf 88' lang='lat' dir='ltr'>adductus</span> <span class='ocrx_word' id='word_1_255' title='bbox 1182 3020 1310 3097; x_wconf 90' lang='lat' dir='ltr'>occepit</span> <span class='ocrx_word' id='word_1_256' title='bbox 1345 3019 1440 3080; x_wconf 93' lang='lat' dir='ltr'>nobis</span> <span class='ocrx_word' id='word_1_257' title='bbox 1470 3017 1665 3097; x_wconf 88' lang='lat' dir='ltr'>praelegere</span> 
     </span>
     <span class='ocr_line' id='line_1_26' title="bbox 169 3120 1664 3203; baseline -0.003 -18"><span class='ocrx_word' id='word_1_258' title='bbox 169 3142 196 3185; x_wconf 78' lang='grc'>10</span> <span class='ocrx_word' id='word_1_259' title='bbox 211 3124 348 3187; x_wconf 89' lang='lat' dir='ltr'>Homeri</span> <span class='ocrx_word' id='word_1_260' title='bbox 366 3125 549 3203; x_wconf 83' lang='lat' dir='ltr'>Ulysseam,</span> <span class='ocrx_word' id='word_1_261' title='bbox 566 3144 647 3187; x_wconf 88' lang='lat' dir='ltr'>mox</span> <span class='ocrx_word' id='word_1_262' title='bbox 663 3135 718 3186; x_wconf 89' lang='lat' dir='ltr'>aut</span> <span class='ocrx_word' id='word_1_263' title='bbox 735 3123 966 3202; x_wconf 77' lang='lat' dir='ltr'>Thucydidem</span> <span class='ocrx_word' id='word_1_264' title='bbox 983 3134 1039 3185; x_wconf 91' lang='lat' dir='ltr'>aut</span> <span class='ocrx_word' id='word_1_265' title='bbox 1056 3120 1267 3203; x_wconf 88' lang='lat' dir='ltr'>Sophoclem.</span> <span class='ocrx_word' id='word_1_266' title='bbox 1287 3122 1434 3185; x_wconf 80' lang='lat' dir='ltr'>Vidisses</span> <span class='ocrx_word' id='word_1_267' title='bbox 1451 3120 1664 3202; x_wconf 88' lang='lat' dir='ltr'>praelegente</span> 
     </span>
     <span class='ocr_line' id='line_1_27' title="bbox 210 3225 1664 3309; baseline -0.003 -19"><span class='ocrx_word' id='word_1_268' title='bbox 210 3230 264 3290; x_wconf 95' lang='lat' dir='ltr'>illo</span> <span class='ocrx_word' id='word_1_269' title='bbox 289 3240 537 3309; x_wconf 89' lang='lat' dir='ltr'>praeceptorem</span> <span class='ocrx_word' id='word_1_270' title='bbox 568 3240 717 3290; x_wconf 87' lang='lat' dir='ltr'>nostrum</span> <span class='ocrx_word' id='word_1_271' title='bbox 742 3229 836 3291; x_wconf 89' lang='lat' dir='ltr'>nobis</span> <span class='ocrx_word' id='word_1_272' title='bbox 860 3228 1035 3309; x_wconf 77' lang='lat' dir='ltr'>discipulis</span> <span class='ocrx_word' id='word_1_273' title='bbox 1066 3238 1102 3290; x_wconf 93' lang='lat' dir='ltr'>ut</span> <span class='ocrx_word' id='word_1_274' title='bbox 1126 3225 1315 3306; x_wconf 90' lang='lat' dir='ltr'>Scipionem</span> <span class='ocrx_word' id='word_1_275' title='bbox 1339 3227 1458 3303; x_wconf 88' lang='lat' dir='ltr'>audiat,</span> <span class='ocrx_word' id='word_1_276' title='bbox 1480 3225 1647 3288; x_wconf 88' lang='lat' dir='ltr'>assedisse</span> <span class='ocrx_word' id='word_1_277' title='bbox 1656 3245 1664 3302; x_wconf 91' lang='lat'>;</span> 
     </span>
     <span class='ocr_line' id='line_1_28' title="bbox 210 3331 1664 3412; baseline -0.003 -18"><span class='ocrx_word' id='word_1_278' title='bbox 210 3335 288 3396; x_wconf 87' lang='lat' dir='ltr'>tanti</span> <span class='ocrx_word' id='word_1_279' title='bbox 318 3335 388 3396; x_wconf 89' lang='lat' dir='ltr'>eius</span> <span class='ocrx_word' id='word_1_280' title='bbox 418 3334 636 3395; x_wconf 91' lang='lat' dir='ltr'>eruditionem</span> <span class='ocrx_word' id='word_1_281' title='bbox 667 3344 768 3411; x_wconf 88' lang='lat' dir='ltr'>putat.</span> <span class='ocrx_word' id='word_1_282' title='bbox 817 3334 865 3395; x_wconf 90' lang='lat' dir='ltr'>lta</span> <span class='ocrx_word' id='word_1_283' title='bbox 897 3331 980 3393; x_wconf 81' lang='lat' dir='ltr'>forte</span> <span class='ocrx_word' id='word_1_284' title='bbox 1003 3333 1133 3394; x_wconf 80' lang='lat' dir='ltr'>fortuna</span> <span class='ocrx_word' id='word_1_285' title='bbox 1158 3333 1302 3412; x_wconf 88' lang='lat' dir='ltr'>contigit,</span> <span class='ocrx_word' id='word_1_286' title='bbox 1327 3342 1361 3393; x_wconf 93' lang='lat' dir='ltr'>ut</span> <span class='ocrx_word' id='word_1_287' title='bbox 1393 3351 1455 3412; x_wconf 90' lang='lat' dir='ltr'>ego</span> <span class='ocrx_word' id='word_1_288' title='bbox 1486 3331 1548 3392; x_wconf 92' lang='lat' dir='ltr'>isto</span> <span class='ocrx_word' id='word_1_289' title='bbox 1573 3349 1664 3391; x_wconf 89' lang='lat' dir='ltr'>anno</span> 
     </span>
     <span class='ocr_line' id='line_1_29' title="bbox 209 3435 1665 3518; baseline -0.003 -19"><span class='ocrx_word' id='word_1_290' title='bbox 209 3442 409 3518; x_wconf 83' lang='lat' dir='ltr'>(quanquam</span> <span class='ocrx_word' id='word_1_291' title='bbox 441 3436 518 3498; x_wconf 93' lang='lat' dir='ltr'>mihi</span> <span class='ocrx_word' id='word_1_292' title='bbox 548 3436 687 3498; x_wconf 90' lang='lat' dir='ltr'>multum</span> <span class='ocrx_word' id='word_1_293' title='bbox 718 3436 887 3501; x_wconf 90' lang='lat' dir='ltr'>timebaml</span> <span class='ocrx_word' id='word_1_294' title='bbox 919 3436 1017 3497; x_wconf 91' lang='lat' dir='ltr'>veluti</span> <span class='ocrx_word' id='word_1_295' title='bbox 1048 3438 1079 3497; x_wconf 93' lang='lat' dir='ltr'>in</span> <span class='ocrx_word' id='word_1_296' title='bbox 1112 3457 1178 3498; x_wconf 92' lang='lat' dir='ltr'>uno</span> <span class='ocrx_word' id='word_1_297' title='bbox 1211 3436 1295 3498; x_wconf 89' lang='lat' dir='ltr'>saltu</span> <span class='ocrx_word' id='word_1_298' title='bbox 1326 3435 1412 3496; x_wconf 93' lang='lat' dir='ltr'>duos</span> <span class='ocrx_word' id='word_1_299' title='bbox 1441 3435 1536 3495; x_wconf 91' lang='lat' dir='ltr'>simul</span> <span class='ocrx_word' id='word_1_300' title='bbox 1561 3454 1665 3514; x_wconf 90' lang='lat' dir='ltr'>apros</span> 
     </span>
     <span class='ocr_line' id='line_1_30' title="bbox 208 3538 1664 3620; baseline -0.003 -16"><span class='ocrx_word' id='word_1_301' title='bbox 208 3552 344 3604; x_wconf 87' lang='lat' dir='ltr'>venatus</span> <span class='ocrx_word' id='word_1_302' title='bbox 367 3542 491 3604; x_wconf 81' lang='lat' dir='ltr'>fuerim.</span> <span class='ocrx_word' id='word_1_303' title='bbox 538 3539 604 3602; x_wconf 86' lang='lat' dir='ltr'>Sed</span> <span class='ocrx_word' id='word_1_304' title='bbox 628 3541 691 3602; x_wconf 92' lang='lat' dir='ltr'>hoc</span> <span class='ocrx_word' id='word_1_305' title='bbox 723 3561 800 3602; x_wconf 88' lang='lat' dir='ltr'>casu</span> <span class='ocrx_word' id='word_1_306' title='bbox 824 3542 935 3619; x_wconf 90' lang='lat' dir='ltr'>potius</span> <span class='ocrx_word' id='word_1_307' title='bbox 965 3542 1110 3603; x_wconf 82' lang='lat' dir='ltr'>evenisse</span> <span class='ocrx_word' id='word_1_308' title='bbox 1140 3542 1234 3616; x_wconf 88' lang='lat' dir='ltr'>scias,</span> <span class='ocrx_word' id='word_1_309' title='bbox 1265 3559 1365 3620; x_wconf 90' lang='lat' dir='ltr'>quam</span> <span class='ocrx_word' id='word_1_310' title='bbox 1388 3551 1424 3600; x_wconf 88' lang='lat' dir='ltr'>ut</span> <span class='ocrx_word' id='word_1_311' title='bbox 1447 3540 1489 3600; x_wconf 89' lang='lat' dir='ltr'>ita</span> <span class='ocrx_word' id='word_1_312' title='bbox 1513 3538 1664 3600; x_wconf 88' lang='lat' dir='ltr'>studium</span> 
     </span>
     <span class='ocr_line' id='line_1_31' title="bbox 168 3642 1665 3724; baseline -0.003 -16"><span class='ocrx_word' id='word_1_313' title='bbox 168 3679 195 3721; x_wconf 73' lang='lat'>30</span> <span class='ocrx_word' id='word_1_314' title='bbox 210 3647 398 3708; x_wconf 89' lang='lat' dir='ltr'>ordinatum</span> <span class='ocrx_word' id='word_1_315' title='bbox 421 3645 524 3706; x_wconf 86' lang='lat' dir='ltr'>fuerit.</span> <span class='ocrx_word' id='word_1_316' title='bbox 555 3642 623 3706; x_wconf 89' lang='lat' dir='ltr'>Sed</span> <span class='ocrx_word' id='word_1_317' title='bbox 647 3645 782 3707; x_wconf 88' lang='lat' dir='ltr'>meliora</span> <span class='ocrx_word' id='word_1_318' title='bbox 805 3655 980 3724; x_wconf 89' lang='lat' dir='ltr'>sperantur</span> <span class='ocrx_word' id='word_1_319' title='bbox 1003 3646 1067 3707; x_wconf 90' lang='lat' dir='ltr'>hoc</span> <span class='ocrx_word' id='word_1_320' title='bbox 1091 3664 1176 3706; x_wconf 91' lang='lat' dir='ltr'>anno</span> <span class='ocrx_word' id='word_1_321' title='bbox 1200 3644 1318 3718; x_wconf 84' lang='lat' dir='ltr'>lutum,</span> <span class='ocrx_word' id='word_1_322' title='bbox 1349 3644 1409 3706; x_wconf 89' lang='lat' dir='ltr'>etsi</span> <span class='ocrx_word' id='word_1_323' title='bbox 1431 3662 1484 3703; x_wconf 91' lang='lat' dir='ltr'>me</span> <span class='ocrx_word' id='word_1_324' title='bbox 1507 3643 1572 3703; x_wconf 88' lang='lat' dir='ltr'>iam</span> <span class='ocrx_word' id='word_1_325' title='bbox 1597 3662 1665 3703; x_wconf 92' lang='lat' dir='ltr'>non</span> 
     </span>
     <span class='ocr_line' id='line_1_32' title="bbox 208 3746 1664 3829; baseline -0.004 -16"><span class='ocrx_word' id='word_1_326' title='bbox 208 3761 297 3814; x_wconf 89' lang='lat' dir='ltr'>tanta</span> <span class='ocrx_word' id='word_1_327' title='bbox 320 3761 428 3813; x_wconf 90' lang='lat' dir='ltr'>teneat</span> <span class='ocrx_word' id='word_1_328' title='bbox 452 3748 638 3812; x_wconf 90' lang='lat' dir='ltr'>sollicitudo</span> <span class='ocrx_word' id='word_1_329' title='bbox 655 3750 724 3811; x_wconf 88' lang='lat' dir='ltr'>eius</span> <span class='ocrx_word' id='word_1_330' title='bbox 742 3750 786 3810; x_wconf 91' lang='lat' dir='ltr'>rei</span> <span class='ocrx_word' id='word_1_331' title='bbox 802 3760 923 3829; x_wconf 87' lang='lat' dir='ltr'>quanta</span> <span class='ocrx_word' id='word_1_332' title='bbox 947 3750 978 3811; x_wconf 94' lang='lat' dir='ltr'>in</span> <span class='ocrx_word' id='word_1_333' title='bbox 995 3751 1114 3829; x_wconf 87' lang='lat' dir='ltr'>primis</span> <span class='ocrx_word' id='word_1_334' title='bbox 1140 3749 1247 3811; x_wconf 87' lang='lat' dir='ltr'>Antea</span> <span class='ocrx_word' id='word_1_335' title='bbox 1263 3750 1349 3809; x_wconf 92' lang='lat' dir='ltr'>enim</span> <span class='ocrx_word' id='word_1_336' title='bbox 1365 3758 1456 3809; x_wconf 89' lang='lat' dir='ltr'>totus</span> <span class='ocrx_word' id='word_1_337' title='bbox 1472 3746 1664 3825; x_wconf 88' lang='lat' dir='ltr'>pendebam</span> 
     </span>
     <span class='ocr_line' id='line_1_33' title="bbox 209 3851 1663 3934; baseline -0.004 -18"><span class='ocrx_word' id='word_1_338' title='bbox 209 3876 250 3916; x_wconf 81' lang='lat' dir='ltr'>ex</span> <span class='ocrx_word' id='word_1_339' title='bbox 274 3855 553 3934; x_wconf 85' lang='lat' dir='ltr'>praeceptoribus,</span> <span class='ocrx_word' id='word_1_340' title='bbox 582 3873 667 3915; x_wconf 93' lang='lat' dir='ltr'>nunc</span> <span class='ocrx_word' id='word_1_341' title='bbox 692 3874 768 3915; x_wconf 90' lang='lat' dir='ltr'>vero</span> <span class='ocrx_word' id='word_1_342' title='bbox 793 3864 901 3916; x_wconf 88' lang='lat' dir='ltr'>mutos</span> <span class='ocrx_word' id='word_1_343' title='bbox 925 3873 1061 3932; x_wconf 90' lang='lat' dir='ltr'>possum</span> <span class='ocrx_word' id='word_1_344' title='bbox 1085 3854 1258 3914; x_wconf 88' lang='lat' dir='ltr'>consulere</span> <span class='ocrx_word' id='word_1_345' title='bbox 1289 3852 1461 3932; x_wconf 87' lang='lat' dir='ltr'>magistros</span> <span class='ocrx_word' id='word_1_346' title='bbox 1484 3860 1517 3910; x_wconf 91' lang='lat' dir='ltr'>et</span> <span class='ocrx_word' id='word_1_347' title='bbox 1540 3851 1663 3928; x_wconf 90' lang='lat' dir='ltr'>partim</span> 
     </span>
     <span class='ocr_line' id='line_1_34' title="bbox 209 3954 1663 4039; baseline -0.004 -18"><span class='ocrx_word' id='word_1_348' title='bbox 209 3960 374 4022; x_wconf 90' lang='lat' dir='ltr'>audiendo</span> <span class='ocrx_word' id='word_1_349' title='bbox 398 3960 514 4039; x_wconf 88' lang='lat' dir='ltr'>partim</span> <span class='ocrx_word' id='word_1_350' title='bbox 539 3958 677 4039; x_wconf 90' lang='lat' dir='ltr'>legendo</span> <span class='ocrx_word' id='word_1_351' title='bbox 701 3959 743 4019; x_wconf 93' lang='lat' dir='ltr'>ab</span> <span class='ocrx_word' id='word_1_352' title='bbox 767 3959 891 4020; x_wconf 89' lang='lat' dir='ltr'>inscitia</span> <span class='ocrx_word' id='word_1_353' title='bbox 919 3978 971 4019; x_wconf 92' lang='lat' dir='ltr'>me</span> <span class='ocrx_word' id='word_1_354' title='bbox 996 3959 1149 4036; x_wconf 88' lang='lat' dir='ltr'>recipere.</span> <span class='ocrx_word' id='word_1_355' title='bbox 1198 3957 1310 4018; x_wconf 89' lang='lat' dir='ltr'>Habes</span> <span class='ocrx_word' id='word_1_356' title='bbox 1341 3957 1441 4018; x_wconf 89' lang='lat' dir='ltr'>totius</span> <span class='ocrx_word' id='word_1_357' title='bbox 1471 3954 1571 4016; x_wconf 88' lang='lat' dir='ltr'>studii</span> <span class='ocrx_word' id='word_1_358' title='bbox 1597 3954 1663 4016; x_wconf 87' lang='lat' dir='ltr'>lor-</span> 
     </span>
     <span class='ocr_line' id='line_1_35' title="bbox 210 4059 1664 4144; baseline -0.003 -19"><span class='ocrx_word' id='word_1_359' title='bbox 210 4065 342 4138; x_wconf 88' lang='lat' dir='ltr'>mulam,</span> <span class='ocrx_word' id='word_1_360' title='bbox 365 4083 465 4144; x_wconf 91' lang='lat' dir='ltr'>quam</span> <span class='ocrx_word' id='word_1_361' title='bbox 488 4063 530 4124; x_wconf 90' lang='lat' dir='ltr'>ad</span> <span class='ocrx_word' id='word_1_362' title='bbox 553 4074 586 4124; x_wconf 91' lang='lat' dir='ltr'>te</span> <span class='ocrx_word' id='word_1_363' title='bbox 610 4063 772 4142; x_wconf 86' lang='lat' dir='ltr'>pertinere</span> <span class='ocrx_word' id='word_1_364' title='bbox 795 4072 885 4142; x_wconf 90' lang='lat' dir='ltr'>put0,</span> <span class='ocrx_word' id='word_1_365' title='bbox 918 4062 1124 4141; x_wconf 89' lang='lat' dir='ltr'>descriptam.</span> <span class='ocrx_word' id='word_1_366' title='bbox 1170 4059 1324 4123; x_wconf 80' lang='lat' dir='ltr'>Ceterum</span> <span class='ocrx_word' id='word_1_367' title='bbox 1356 4059 1444 4122; x_wconf 90' lang='lat' dir='ltr'>ltalia</span> <span class='ocrx_word' id='word_1_368' title='bbox 1474 4060 1545 4137; x_wconf 90' lang='lat' dir='ltr'>ipsa</span> <span class='ocrx_word' id='word_1_369' title='bbox 1571 4060 1664 4139; x_wconf 89' lang='lat' dir='ltr'>regio</span> 
     </span>
     <span class='ocr_line' id='line_1_36' title="bbox 170 4166 1663 4243; baseline -0.006 -12"><span class='ocrx_word' id='word_1_370' title='bbox 170 4198 198 4240; x_wconf 71' lang='lat'>35</span> <span class='ocrx_word' id='word_1_371' title='bbox 210 4188 288 4231; x_wconf 87' lang='lat' dir='ltr'>sane</span> <span class='ocrx_word' id='word_1_372' title='bbox 311 4177 360 4229; x_wconf 89' lang='lat' dir='ltr'>est</span> <span class='ocrx_word' id='word_1_373' title='bbox 383 4167 606 4229; x_wconf 79' lang='lat' dir='ltr'>infelicissima.</span> <span class='ocrx_word' id='word_1_374' title='bbox 631 4166 699 4228; x_wconf 85' lang='lat' dir='ltr'>Aut</span> <span class='ocrx_word' id='word_1_375' title='bbox 715 4169 801 4228; x_wconf 91' lang='lat' dir='ltr'>enim</span> <span class='ocrx_word' id='word_1_376' title='bbox 818 4166 911 4228; x_wconf 93' lang='lat' dir='ltr'>bellis</span> <span class='ocrx_word' id='word_1_377' title='bbox 927 4166 1036 4242; x_wconf 84' lang='lat' dir='ltr'>servet,</span> <span class='ocrx_word' id='word_1_378' title='bbox 1059 4178 1115 4228; x_wconf 91' lang='lat' dir='ltr'>aut</span> <span class='ocrx_word' id='word_1_379' title='bbox 1131 4177 1289 4243; x_wconf 89' lang='lat' dir='ltr'>corrupto</span> <span class='ocrx_word' id='word_1_380' title='bbox 1306 4166 1389 4225; x_wconf 77' lang='lat' dir='ltr'>a&#39;eris</span> <span class='ocrx_word' id='word_1_381' title='bbox 1405 4174 1511 4225; x_wconf 88' lang='lat' dir='ltr'>tractu</span> <span class='ocrx_word' id='word_1_382' title='bbox 1532 4173 1663 4241; x_wconf 89' lang='lat' dir='ltr'>pestem</span> 
     </span>
     <span class='ocr_line' id='line_1_37' title="bbox 212 4267 1664 4350; baseline -0.004 -16"><span class='ocrx_word' id='word_1_383' title='bbox 212 4273 404 4334; x_wconf 90' lang='lat' dir='ltr'>mortalibus</span> <span class='ocrx_word' id='word_1_384' title='bbox 427 4271 540 4347; x_wconf 89' lang='lat' dir='ltr'>adlert,</span> <span class='ocrx_word' id='word_1_385' title='bbox 563 4281 619 4332; x_wconf 88' lang='lat' dir='ltr'>aut</span> <span class='ocrx_word' id='word_1_386' title='bbox 643 4271 726 4332; x_wconf 89' lang='lat' dir='ltr'>lame</span> <span class='ocrx_word' id='word_1_387' title='bbox 750 4271 887 4332; x_wconf 88' lang='lat' dir='ltr'>laborat.</span> <span class='ocrx_word' id='word_1_388' title='bbox 912 4270 997 4332; x_wconf 89' lang='lat' dir='ltr'>Nam</span> <span class='ocrx_word' id='word_1_389' title='bbox 1022 4272 1063 4332; x_wconf 90' lang='lat' dir='ltr'>de</span> <span class='ocrx_word' id='word_1_390' title='bbox 1086 4282 1192 4332; x_wconf 90' lang='lat' dir='ltr'>terrae</span> <span class='ocrx_word' id='word_1_391' title='bbox 1217 4281 1318 4346; x_wconf 89' lang='lat' dir='ltr'>motu,</span> <span class='ocrx_word' id='word_1_392' title='bbox 1342 4290 1408 4350; x_wconf 93' lang='lat' dir='ltr'>quo</span> <span class='ocrx_word' id='word_1_393' title='bbox 1432 4289 1547 4329; x_wconf 91' lang='lat' dir='ltr'>omnes</span> <span class='ocrx_word' id='word_1_394' title='bbox 1564 4267 1664 4346; x_wconf 89' lang='lat' dir='ltr'>plane</span> 
     </span>
     <span class='ocr_line' id='line_1_38' title="bbox 212 4372 1663 4455; baseline -0.003 -18"><span class='ocrx_word' id='word_1_395' title='bbox 212 4377 359 4438; x_wconf 90' lang='lat' dir='ltr'>homines</span> <span class='ocrx_word' id='word_1_396' title='bbox 382 4378 540 4438; x_wconf 86' lang='lat' dir='ltr'>attonitos</span> <span class='ocrx_word' id='word_1_397' title='bbox 571 4376 686 4451; x_wconf 90' lang='lat' dir='ltr'>reddit,</span> <span class='ocrx_word' id='word_1_398' title='bbox 717 4376 759 4437; x_wconf 94' lang='lat' dir='ltr'>de</span> <span class='ocrx_word' id='word_1_399' title='bbox 786 4375 902 4455; x_wconf 87' lang='lat' dir='ltr'>rapido</span> <span class='ocrx_word' id='word_1_400' title='bbox 929 4387 1030 4445; x_wconf 84' lang='lat' dir='ltr'>aestu,</span> <span class='ocrx_word' id='word_1_401' title='bbox 1062 4396 1128 4453; x_wconf 89' lang='lat' dir='ltr'>quo</span> <span class='ocrx_word' id='word_1_402' title='bbox 1152 4376 1235 4436; x_wconf 87' lang='lat' dir='ltr'>vires</span> <span class='ocrx_word' id='word_1_403' title='bbox 1258 4383 1399 4450; x_wconf 90' lang='lat' dir='ltr'>enervat,</span> <span class='ocrx_word' id='word_1_404' title='bbox 1430 4373 1472 4434; x_wconf 90' lang='lat' dir='ltr'>de</span> <span class='ocrx_word' id='word_1_405' title='bbox 1495 4372 1663 4453; x_wconf 78' lang='lat' dir='ltr'>frigidiore</span> 
     </span>
     <span class='ocr_line' id='line_1_39' title="bbox 211 4476 1663 4561; baseline -0.003 -20"><span class='ocrx_word' id='word_1_406' title='bbox 211 4501 298 4555; x_wconf 89' lang='lat' dir='ltr'>aura,</span> <span class='ocrx_word' id='word_1_407' title='bbox 321 4501 385 4561; x_wconf 92' lang='lat' dir='ltr'>qua</span> <span class='ocrx_word' id='word_1_408' title='bbox 409 4481 549 4543; x_wconf 90' lang='lat' dir='ltr'>multum</span> <span class='ocrx_word' id='word_1_409' title='bbox 573 4479 741 4542; x_wconf 89' lang='lat' dir='ltr'>molestiae</span> <span class='ocrx_word' id='word_1_410' title='bbox 772 4479 915 4555; x_wconf 85' lang='lat' dir='ltr'>adducit,</span> <span class='ocrx_word' id='word_1_411' title='bbox 946 4479 1021 4540; x_wconf 90' lang='lat' dir='ltr'>nihil</span> <span class='ocrx_word' id='word_1_412' title='bbox 1051 4479 1142 4555; x_wconf 88' lang='lat' dir='ltr'>dic0;</span> <span class='ocrx_word' id='word_1_413' title='bbox 1174 4480 1259 4541; x_wconf 90' lang='lat' dir='ltr'>hunc</span> <span class='ocrx_word' id='word_1_414' title='bbox 1290 4498 1392 4541; x_wconf 91' lang='lat' dir='ltr'>unum</span> <span class='ocrx_word' id='word_1_415' title='bbox 1422 4476 1526 4558; x_wconf 80' lang='lat' dir='ltr'>(quod</span> <span class='ocrx_word' id='word_1_416' title='bbox 1557 4476 1663 4551; x_wconf 88' lang='lat' dir='ltr'>aiunt)</span> 
     </span>
     <span class='ocr_line' id='line_1_40' title="bbox 212 4580 1662 4664; baseline -0.005 -17"><span class='ocrx_word' id='word_1_417' title='bbox 212 4583 443 4664; x_wconf 89' lang='lat' dir='ltr'>Colophonem</span> <span class='ocrx_word' id='word_1_418' title='bbox 458 4585 563 4646; x_wconf 91' lang='lat' dir='ltr'>addo:</span> <span class='ocrx_word' id='word_1_419' title='bbox 587 4585 647 4645; x_wconf 90' lang='lat' dir='ltr'>nisi</span> <span class='ocrx_word' id='word_1_420' title='bbox 663 4584 770 4645; x_wconf 88' lang='lat' dir='ltr'>literas</span> <span class='ocrx_word' id='word_1_421' title='bbox 786 4584 931 4657; x_wconf 91' lang='lat' dir='ltr'>doceret,</span> <span class='ocrx_word' id='word_1_422' title='bbox 947 4584 1023 4646; x_wconf 92' lang='lat' dir='ltr'>nihil</span> <span class='ocrx_word' id='word_1_423' title='bbox 1041 4585 1185 4659; x_wconf 90' lang='lat' dir='ltr'>haberet,</span> <span class='ocrx_word' id='word_1_424' title='bbox 1208 4603 1265 4645; x_wconf 89' lang='lat' dir='ltr'>cur</span> <span class='ocrx_word' id='word_1_425' title='bbox 1282 4594 1455 4663; x_wconf 90' lang='lat' dir='ltr'>tantopere</span> <span class='ocrx_word' id='word_1_426' title='bbox 1471 4580 1662 4659; x_wconf 85' lang='lat' dir='ltr'>expetenda</span> 
     </span>
     <span class='ocr_line' id='line_1_41' title="bbox 171 4685 1660 4768; baseline -0.004 -17"><span class='ocrx_word' id='word_1_427' title='bbox 171 4700 304 4758; x_wconf 67' lang='lat' dir='ltr'>inesset.</span> <span class='ocrx_word' id='word_1_428' title='bbox 330 4689 403 4751; x_wconf 92' lang='lat' dir='ltr'>lstis</span> <span class='ocrx_word' id='word_1_429' title='bbox 425 4689 466 4749; x_wconf 93' lang='lat' dir='ltr'>ad</span> <span class='ocrx_word' id='word_1_430' title='bbox 490 4698 523 4749; x_wconf 88' lang='lat' dir='ltr'>te</span> <span class='ocrx_word' id='word_1_431' title='bbox 546 4687 642 4763; x_wconf 92' lang='lat' dir='ltr'>volui,</span> <span class='ocrx_word' id='word_1_432' title='bbox 672 4698 707 4749; x_wconf 88' lang='lat' dir='ltr'>ut</span> <span class='ocrx_word' id='word_1_433' title='bbox 731 4688 888 4768; x_wconf 86' lang='lat' dir='ltr'>intelligas</span> <span class='ocrx_word' id='word_1_434' title='bbox 918 4689 961 4749; x_wconf 87' lang='lat' dir='ltr'>ita</span> <span class='ocrx_word' id='word_1_435' title='bbox 984 4687 1150 4749; x_wconf 76' lang='lat' dir='ltr'>adfectare</span> <span class='ocrx_word' id='word_1_436' title='bbox 1177 4698 1209 4748; x_wconf 90' lang='lat' dir='ltr'>te</span> <span class='ocrx_word' id='word_1_437' title='bbox 1233 4688 1354 4749; x_wconf 90' lang='lat' dir='ltr'>debere</span> <span class='ocrx_word' id='word_1_438' title='bbox 1384 4686 1516 4760; x_wconf 90' lang='lat' dir='ltr'>ltaliam,</span> <span class='ocrx_word' id='word_1_439' title='bbox 1543 4696 1579 4745; x_wconf 89' lang='lat' dir='ltr'>ut</span> <span class='ocrx_word' id='word_1_440' title='bbox 1604 4685 1660 4745; x_wconf 91' lang='lat' dir='ltr'>ali-</span> 
     </span>
     <span class='ocr_line' id='line_1_42' title="bbox 211 4788 1662 4875; baseline -0.004 -20"><span class='ocrx_word' id='word_1_441' title='bbox 211 4794 345 4875; x_wconf 90' lang='lat' dir='ltr'>quando</span> <span class='ocrx_word' id='word_1_442' title='bbox 376 4795 406 4854; x_wconf 92' lang='lat' dir='ltr'>in</span> <span class='ocrx_word' id='word_1_443' title='bbox 430 4793 567 4873; x_wconf 87' lang='lat' dir='ltr'>patriam</span> <span class='ocrx_word' id='word_1_444' title='bbox 600 4794 771 4854; x_wconf 87' lang='lat' dir='ltr'>revertaris</span> <span class='ocrx_word' id='word_1_445' title='bbox 802 4801 833 4854; x_wconf 91' lang='lat' dir='ltr'>et</span> <span class='ocrx_word' id='word_1_446' title='bbox 865 4792 996 4866; x_wconf 87' lang='lat' dir='ltr'>habeas,</span> <span class='ocrx_word' id='word_1_447' title='bbox 1028 4812 1094 4872; x_wconf 92' lang='lat' dir='ltr'>quo</span> <span class='ocrx_word' id='word_1_448' title='bbox 1122 4793 1252 4867; x_wconf 91' lang='lat' dir='ltr'>victum,</span> <span class='ocrx_word' id='word_1_449' title='bbox 1284 4810 1350 4871; x_wconf 94' lang='lat' dir='ltr'>quo</span> <span class='ocrx_word' id='word_1_450' title='bbox 1381 4789 1489 4852; x_wconf 89' lang='lat' dir='ltr'>studia</span> <span class='ocrx_word' id='word_1_451' title='bbox 1520 4788 1662 4850; x_wconf 89' lang='lat' dir='ltr'>honeste</span> 
     </span>
     <span class='ocr_line' id='line_1_43' title="bbox 211 4892 1662 4977; baseline -0.004 -18"><span class='ocrx_word' id='word_1_452' title='bbox 211 4900 401 4959; x_wconf 90' lang='lat' dir='ltr'>continuare</span> <span class='ocrx_word' id='word_1_453' title='bbox 425 4899 539 4977; x_wconf 90' lang='lat' dir='ltr'>possis,</span> <span class='ocrx_word' id='word_1_454' title='bbox 563 4917 603 4958; x_wconf 91' lang='lat' dir='ltr'>ne</span> <span class='ocrx_word' id='word_1_455' title='bbox 627 4896 719 4973; x_wconf 84' lang='lat' dir='ltr'>sorte,</span> <span class='ocrx_word' id='word_1_456' title='bbox 753 4897 808 4958; x_wconf 93' lang='lat' dir='ltr'>ubi</span> <span class='ocrx_word' id='word_1_457' title='bbox 833 4906 937 4958; x_wconf 90' lang='lat' dir='ltr'>totum</span> <span class='ocrx_word' id='word_1_458' title='bbox 962 4896 1153 4958; x_wconf 85' lang='lat' dir='ltr'>exhauseris</span> <span class='ocrx_word' id='word_1_459' title='bbox 1177 4896 1416 4974; x_wconf 88' lang='lat' dir='ltr'>patrimonium,</span> <span class='ocrx_word' id='word_1_460' title='bbox 1440 4893 1515 4955; x_wconf 92' lang='lat' dir='ltr'>nihil</span> <span class='ocrx_word' id='word_1_461' title='bbox 1540 4892 1662 4954; x_wconf 91' lang='lat' dir='ltr'>deinde</span> 
     </span>
     <span class='ocr_line' id='line_1_44' title="bbox 212 4998 1662 5082; baseline -0.003 -20"><span class='ocrx_word' id='word_1_462' title='bbox 212 5004 251 5062; x_wconf 90' lang='lat' dir='ltr'>sit</span> <span class='ocrx_word' id='word_1_463' title='bbox 275 5001 395 5081; x_wconf 90' lang='lat' dir='ltr'>reliqui,</span> <span class='ocrx_word' id='word_1_464' title='bbox 419 5021 485 5082; x_wconf 91' lang='lat' dir='ltr'>quo</span> <span class='ocrx_word' id='word_1_465' title='bbox 509 5012 541 5062; x_wconf 90' lang='lat' dir='ltr'>te</span> <span class='ocrx_word' id='word_1_466' title='bbox 565 5001 614 5062; x_wconf 88' lang='lat' dir='ltr'>vel</span> <span class='ocrx_word' id='word_1_467' title='bbox 638 5002 669 5061; x_wconf 94' lang='lat' dir='ltr'>in</span> <span class='ocrx_word' id='word_1_468' title='bbox 694 5001 785 5063; x_wconf 87' lang='lat' dir='ltr'>ltalia</span> <span class='ocrx_word' id='word_1_469' title='bbox 808 5009 1008 5062; x_wconf 89' lang='lat' dir='ltr'>sustentares</span> <span class='ocrx_word' id='word_1_470' title='bbox 1032 4999 1081 5060; x_wconf 91' lang='lat' dir='ltr'>vel</span> <span class='ocrx_word' id='word_1_471' title='bbox 1098 5002 1129 5061; x_wconf 94' lang='lat' dir='ltr'>in</span> <span class='ocrx_word' id='word_1_472' title='bbox 1146 4999 1288 5073; x_wconf 67' lang='lat' dir='ltr'>Boernia,</span> <span class='ocrx_word' id='word_1_473' title='bbox 1313 4999 1446 5079; x_wconf 88' lang='lat' dir='ltr'>quando</span> <span class='ocrx_word' id='word_1_474' title='bbox 1462 5018 1502 5059; x_wconf 92' lang='lat' dir='ltr'>eo</span> <span class='ocrx_word' id='word_1_475' title='bbox 1519 4998 1662 5059; x_wconf 88' lang='lat' dir='ltr'>necessi-</span> 
     </span>
     <span class='ocr_line' id='line_1_45' title="bbox 211 5101 1662 5184; baseline -0.003 -19"><span class='ocrx_word' id='word_1_476' title='bbox 211 5108 284 5167; x_wconf 85' lang='lat' dir='ltr'>tatis</span> <span class='ocrx_word' id='word_1_477' title='bbox 309 5119 440 5166; x_wconf 83' lang='lat' dir='ltr'>rentum</span> <span class='ocrx_word' id='word_1_478' title='bbox 464 5106 567 5173; x_wconf 81' lang='lat' dir='ltr'>luerit,</span> <span class='ocrx_word' id='word_1_479' title='bbox 593 5117 627 5166; x_wconf 92' lang='grc'>111</span> <span class='ocrx_word' id='word_1_480' title='bbox 651 5106 769 5184; x_wconf 88' lang='lat' dir='ltr'>pedem</span> <span class='ocrx_word' id='word_1_481' title='bbox 796 5104 923 5166; x_wconf 88' lang='lat' dir='ltr'>reseras.</span> <span class='ocrx_word' id='word_1_482' title='bbox 948 5102 1095 5166; x_wconf 85' lang='lat' dir='ltr'>Consulo</span> <span class='ocrx_word' id='word_1_483' title='bbox 1121 5105 1224 5184; x_wconf 89' lang='lat' dir='ltr'>igitur,</span> <span class='ocrx_word' id='word_1_484' title='bbox 1248 5114 1283 5164; x_wconf 91' lang='lat' dir='ltr'>ut</span> <span class='ocrx_word' id='word_1_485' title='bbox 1307 5115 1362 5164; x_wconf 87' lang='lat' dir='ltr'>aut</span> <span class='ocrx_word' id='word_1_486' title='bbox 1387 5102 1428 5163; x_wconf 89' lang='lat' dir='ltr'>de</span> <span class='ocrx_word' id='word_1_487' title='bbox 1453 5102 1528 5163; x_wconf 90' lang='lat' dir='ltr'>loco</span> <span class='ocrx_word' id='word_1_488' title='bbox 1548 5101 1662 5180; x_wconf 90' lang='lat' dir='ltr'>aliquo</span> 
     </span>
     <span class='ocr_line' id='line_1_46' title="bbox 172 5206 1664 5289; baseline -0.003 -17"><span class='ocrx_word' id='word_1_489' title='bbox 172 5221 320 5279; x_wconf 64' lang='lat' dir='ltr'>aeertus</span> <span class='ocrx_word' id='word_1_490' title='bbox 345 5213 395 5283; x_wconf 88' lang='lat' dir='ltr'>sis,</span> <span class='ocrx_word' id='word_1_491' title='bbox 419 5222 474 5271; x_wconf 88' lang='lat' dir='ltr'>aut</span> <span class='ocrx_word' id='word_1_492' title='bbox 498 5221 623 5271; x_wconf 87' lang='lat' dir='ltr'>tantum</span> <span class='ocrx_word' id='word_1_493' title='bbox 648 5213 731 5272; x_wconf 90' lang='lat' dir='ltr'>aeris</span> <span class='ocrx_word' id='word_1_494' title='bbox 754 5211 794 5271; x_wconf 90' lang='lat' dir='ltr'>ad</span> <span class='ocrx_word' id='word_1_495' title='bbox 821 5211 884 5270; x_wconf 93' lang='lat' dir='ltr'>hoc</span> <span class='ocrx_word' id='word_1_496' title='bbox 908 5229 1058 5287; x_wconf 76' lang='lat' dir='ltr'>seponas</span> <span class='ocrx_word' id='word_1_497' title='bbox 1082 5220 1240 5289; x_wconf 90' lang='lat' dir='ltr'>quantum</span> <span class='ocrx_word' id='word_1_498' title='bbox 1266 5229 1325 5286; x_wconf 88' lang='lat' dir='ltr'>pro</span> <span class='ocrx_word' id='word_1_499' title='bbox 1351 5206 1476 5286; x_wconf 89' lang='lat' dir='ltr'>reliquo</span> <span class='ocrx_word' id='word_1_500' title='bbox 1500 5208 1664 5284; x_wconf 88' lang='lat' dir='ltr'>temporis</span> 
     </span>
     <span class='ocr_line' id='line_1_47' title="bbox 212 5311 1664 5392; baseline -0.002 -18"><span class='ocrx_word' id='word_1_501' title='bbox 212 5314 374 5375; x_wconf 87' lang='lat' dir='ltr'>curriculo</span> <span class='ocrx_word' id='word_1_502' title='bbox 404 5314 550 5391; x_wconf 87' lang='lat' dir='ltr'>sulticiat,</span> <span class='ocrx_word' id='word_1_503' title='bbox 582 5326 613 5376; x_wconf 88' lang='lat' dir='ltr'>et</span> <span class='ocrx_word' id='word_1_504' title='bbox 644 5316 825 5376; x_wconf 81' lang='lat' dir='ltr'>maximum</span> <span class='ocrx_word' id='word_1_505' title='bbox 849 5315 951 5392; x_wconf 87' lang='lat' dir='ltr'>prima</span> <span class='ocrx_word' id='word_1_506' title='bbox 982 5311 1096 5388; x_wconf 80' lang='lat' dir='ltr'>fronte,</span> <span class='ocrx_word' id='word_1_507' title='bbox 1127 5333 1166 5374; x_wconf 92' lang='lat' dir='ltr'>ne</span> <span class='ocrx_word' id='word_1_508' title='bbox 1190 5313 1281 5388; x_wconf 85' lang='lat' dir='ltr'>sorte,</span> <span class='ocrx_word' id='word_1_509' title='bbox 1309 5313 1334 5373; x_wconf 93' lang='lat' dir='ltr'>si</span> <span class='ocrx_word' id='word_1_510' title='bbox 1358 5330 1480 5373; x_wconf 91' lang='lat' dir='ltr'>vacuus</span> <span class='ocrx_word' id='word_1_511' title='bbox 1504 5331 1580 5371; x_wconf 91' lang='lat' dir='ltr'>aere</span> <span class='ocrx_word' id='word_1_512' title='bbox 1604 5321 1664 5372; x_wconf 91' lang='lat' dir='ltr'>aut</span> 
     </span>
    </p>
   </div>
   <div class='ocr_carea' id='block_1_3' title="bbox 0 0 1842 5858">
    <p class='ocr_par' dir='ltr' id='par_1_3' title="bbox 0 0 1842 5858">
     <span class='ocr_line' id='line_1_48' title="bbox 0 0 1842 5858; baseline 0 0"><span class='ocrx_word' id='word_1_513' title='bbox 0 0 1842 5858; x_wconf 95' lang='lat' dir='ltr'> </span> 
     </span>
    </p>
   </div>
  </div>
 </body>
</html>
