3674 5858
207 400 243 454 88
656 398 706 468 Jan
726 381 840 451 Slechtn
858 395 938 450 kntzi
960 393 1110 463 Ondiejori
1134 393 1208 447 1591.

207 623 311 690 tuum,
341 633 439 695 quem
467 614 531 675 iam
561 611 617 674 diu
649 611 820 673 remissurn
854 609 1002 688 oportuit
1032 629 1112 686 esse,
1142 612 1291 675 nondum
1321 624 1428 689 totum
1452 617 1658 699 perlegerim.

208 716 376 799 Perlegam
399 728 509 780 tamen
532 717 675 790 omnine,
700 715 888 795 priusquam
912 714 1046 790 mittam,
1069 724 1101 776 et
1125 714 1303 797 diligenter,
1325 737 1392 781 non
1415 731 1452 783 ut
1474 721 1659 797 emendem,

207 840 283 883 nam
303 841 409 903 neque
425 830 520 883 antea
537 821 600 883 hoc
616 819 694 881 mihi
711 838 856 900 unquam
872 819 1005 897 sumpsi,
1028 838 1089 879 nec
1106 818 1204 881 hodie
1220 841 1324 898 sumo,
1348 843 1388 885 ne
1404 844 1461 886 sus
1478 825 1660 887 lllinervam

208 923 336 1001 doceat,
370 926 430 988 sed
461 935 497 988 ut
527 923 754 1006 negligentiam
786 941 923 1004 quoquo
952 922 1055 984 modo
1086 923 1235 987 sarciam.
1280 925 1410 988 Mittam
1433 939 1543 991 autem
1569 929 1661 991 brevi

181 1028 398 1110 taddamque
422 1029 627 1104 lllartianum,
650 1026 932 1108 quemadmodum
956 1025 1131 1102 desideras,
1154 1036 1187 1089 et
1210 1026 1345 1091 forsitan
1362 1030 1506 1093 libellum
1524 1053 1660 1114 quoque

208 1133 315 1208 alium,
339 1134 364 1195 si
387 1133 490 1196 modo
513 1141 629 1195 nactus
652 1151 728 1193 eum
752 1131 844 1194 fuero
873 1131 961 1211 typis
983 1149 1155 1204 excusum,
1186 1134 1350 1213 quemad
1375 1154 1484 1217 regem
1508 1149 1659 1199 nostrum

209 1234 361 1320 scripsi.¹)
407 1237 510 1299 Porro
539 1237 699 1299 sententia
729 1246 785 1298 tua
813 1234 990 1314 perplacet,
1021 1254 1086 1314 qua
1109 1235 1280 1298 decrevisti
1310 1237 1554 1301 lucubrationes
1584 1252 1660 1303 tuas

209 1340 364 1404 dedicare
394 1340 476 1403 velle
504 1339 644 1420 praesuli
667 1359 751 1401 meo.
796 1339 933 1421 Dignior
962 1338 1112 1419 prolecto
1143 1339 1185 1400 ad
1210 1339 1293 1400 hanc
1326 1360 1395 1403 rem
1418 1342 1501 1405 alius
1524 1345 1661 1406 inveniri

209 1463 276 1506 non
300 1446 407 1525 potuit
430 1465 489 1507 nec
514 1445 559 1507 sic
582 1443 762 1522 appositus.
807 1443 858 1504 De
882 1443 1006 1504 barone
1038 1442 1102 1518 illo,
1133 1444 1226 1504 cuius
1256 1463 1276 1504 a
1305 1452 1339 1505 te
1362 1444 1396 1506 stt
1420 1448 1551 1523 mentio,
1582 1448 1660 1509 nihil

171 1559 196 1601 1⁰
210 1547 298 1610 aliud
321 1547 420 1626 addo,
443 1567 543 1629 quarn
567 1567 611 1608 ex
634 1545 733 1628 longo
756 1556 906 1626 tempore
929 1565 995 1608 non
1018 1548 1165 1609 extitisse
1181 1547 1270 1626 apud
1287 1548 1443 1612 mortales
1458 1550 1660 1627 thesaurum,

211 1672 309 1733 quem
334 1653 429 1715 obrui
451 1662 539 1714 terra
562 1650 665 1732 magis
681 1652 843 1730 oportuit;
867 1652 1057 1733 utinamque
1076 1651 1197 1714 factum
1214 1652 1247 1713 id
1263 1651 1385 1729 fuisset,
1408 1655 1487 1716 dum
1503 1657 1659 1719 innocen-

210 1756 274 1818 tior
297 1759 406 1836 erat.²)
431 1754 515 1818 Vale
538 1764 570 1817 et
593 1774 647 1816 me
669 1773 780 1816 amare
803 1774 984 1833 persevera.
1015 1755 1189 1819 Viscoviae
1212 1756 1377 1821 dominica
1400 1756 1576 1837 lubilate.³)

879 2067 984 2132 XXX.

585 2223 666 2318 Jan
694 2201 866 2298 blechta
894 2225 1015 2299 knezi
1044 2223 1285 2323 Ondiejovi.

296 2410 470 2468 VKouilml
491 2412 565 2468 teet
588 2443 619 2453 -
640 2412 671 2467 5.
692 2410 763 2467 τίῆ.
794 2412 892 2466 cnvttt
913 2413 950 2481 jej
977 2431 1009 2467 za
1028 2421 1066 2479 to,
1092 2413 1124 2466 ie
1150 2430 1185 2467 na
1203 2415 1294 2468 chude
1320 2415 1376 2468 lale
1400 2416 1561 2468 venlrovslre
1581 2417 1668 2484 potud

207 2501 323 2553 zbstava
345 2517 363 2552 a
386 2517 422 2568 po
441 2499 572 2553 bohatem
592 2498 687 2553 obrott
714 2500 865 2553 mestsltem
892 2499 1003 2553 netouil
1025 2500 1090 2568 jairo
1117 2502 1167 2570 pry'
1186 2499 1238 2568 jinl
1266 2501 1358 2555 mnozl
1377 2502 1467 2563 lmelh
1492 2501 1562 2555 htell
1581 2502 1668 2556 tolilto

208 2604 225 2639 o
243 2588 308 2640 vlnu
327 2587 390 2640 ovel
409 2588 497 2656 svvch
517 2587 579 2654 piei
599 2586 673 2654 majl,
693 2603 709 2639 o
728 2587 840 2654 spasenl
860 2585 914 2639 nic.
951 2586 1100 2654 Nasleduje
1129 2587 1229 2640 chvdla
1252 2588 1381 2656 chudoby
1406 2587 1487 2656 podle
1507 2589 1597 2655 pisma
1615 2607 1668 2654 sv.,

204 2673 243 2741 jtt
261 2673 323 2726 vlcc
342 2673 394 2727 nei
413 2674 577 2727 venlrovand
596 2673 655 2727 stttt
674 2676 723 2743 pry
743 2690 773 2726 se
794 2673 921 2737 mesttlci,
947 2673 1043 2727 vailce
1067 2674 1090 2726 si
1109 2672 1185 2741 splse
1206 2674 1295 2737 ltnelh
1318 2674 1387 2726 lrteil
1411 2693 1428 2727 v
1447 2674 1537 2727 livote
1562 2684 1669 2743 prosto·

208 2761 324 2828 pitinem
347 2759 397 2827 jim
423 2758 548 2822 nebrdnl,
573 2759 624 2812 nel
642 2760 717 2822 tech,
741 2759 811 2812 krett
836 2760 926 2812 vedou
954 2759 1030 2813 iivot
1056 2759 1231 2830 bezdhonny'.
1269 2763 1414 2831 Rozumnv·
1433 2762 1531 2814 olovelr
1551 2764 1595 2813 mi
1615 2765 1666 2831 pry'

208 2846 351 2900 telesnosti
371 2846 394 2898 si
414 2847 572 2908 nevslmati,
591 2845 677 2914 nvbrl
697 2846 801 2899 htedeti
822 2847 838 2898 lt
856 2848 1005 2915 podstatne
1025 2847 1094 2900 casti
1114 2847 1211 2909 liddae,
1237 2848 1335 2900 toust
1353 2849 1430 2911 totit,
1449 2849 1526 2901 litera
1544 2850 1600 2901 telu
1620 2850 1667 2902 rna

208 2933 338 3003 panovati
353 2932 435 3000 jsouc
454 2933 624 2986 nesmrtelntl
642 2949 659 2985 a
678 2934 798 2986 mohouc
819 2934 905 2986 tolilto
923 2952 940 2986 v
959 2941 1047 2986 tomto
1067 2933 1158 2987 iivote
1179 2935 1276 2987 zdsluh
1293 2935 1434 3004 dobyvati.
1465 2936 1599 2987 Konedne
1618 2952 1666 3003 vy·

208 3022 287 3075 kladtl
306 3021 404 3089 pisatel
424 3037 440 3073 o
458 3020 533 3088 dvojl
551 3020 631 3073 smrti
650 3021 789 3073 duchovnl
808 3038 825 3072 a
844 3039 861 3074 o
879 3028 947 3083 tom,
974 3021 1069 3074 literali
1095 3021 1163 3074 slusl
1185 3022 1319 3076 rozumeti
1339 3023 1494 3087 Platonovi‚
1518 3038 1553 3074 an
1573 3038 1666 3075 samo-

208 3107 310 3162 vraidu
328 3107 472 3175 piipoultl.
495 3107 576 3175 (List.
595 3108 651 3176 rlrp.
671 3107 720 3160 ils.
741 3107 839 3175 XXV.)

294 3301 437 3384 Joanncs
464 3300 614 3366 Sslechta
645 3321 688 3362 cx
720 3301 883 3364 Wssehrd
915 3312 946 3363 et
979 3301 1153 3364 Kostelecz
1183 3302 1226 3363 ad
1257 3302 1368 3364 Albim
1394 3302 1525 3364 fluvium
1550 3323 1661 3366 sacer·

208 3407 278 3469 doti
309 3406 464 3468 Andreae
494 3426 537 3468 ex
568 3406 776 3484 Rokyczana‚
807 3406 950 3485 plebano
982 3408 1012 3467 in
1036 3391 1212 3487 Zdanicz⁴l
1237 3428 1260 3469 s.
1285 3427 1315 3486 p.
1339 3407 1369 3469 d.
1408 3406 1520 3486 Quum
1543 3409 1664 3470 diebus

171 3525 197 3567 ¹5
210 3512 279 3574 istis
302 3510 344 3573 ad
368 3510 535 3588 synodum
561 3511 611 3572 hic
635 3510 840 3593 designatam
863 3510 1080 3586 advenissem,
1107 3509 1226 3591 illaque
1250 3511 1409 3573 dissoluta
1432 3512 1474 3574 de
1497 3521 1562 3574 tea
1579 3532 1664 3574 non·

211 3613 305 3677 nullis
329 3616 572 3695 quaesivissem,
595 3634 673 3676 num
697 3614 806 3676 adhuc
823 3615 853 3675 in
870 3616 941 3695 ipso
966 3613 1050 3690 loco,
1074 3634 1172 3695 quem
1196 3615 1253 3676 tibi
1269 3615 1483 3677 habitandum
1507 3617 1539 3677 in
1555 3636 1665 3697 eoque

210 3718 274 3780 deo
297 3718 505 3780 serviendum
530 3718 662 3799 elegisti,
686 3719 858 3793 habitares,
882 3719 930 3779 vel
955 3717 1038 3779 forte
1062 3719 1093 3778 in
1115 3717 1214 3780 alium
1238 3728 1360 3781 mutata
1384 3720 1482 3780 animi
1505 3722 1665 3782 sententia

210 3822 454 3903 commigrares,
479 3841 674 3900 responsum
698 3821 773 3883 mihi
798 3832 846 3884 est
863 3822 972 3883 adhuc
995 3831 1027 3883 te
1051 3822 1081 3883 in
1105 3822 1224 3884 eodem
1249 3822 1323 3884 loco
1348 3824 1516 3885 continere
1539 3834 1571 3885 et
1595 3844 1666 3886 ma-

209 3945 296 3987 nere.
320 3923 396 4003 Quo
419 3925 534 3987 audito
558 3944 623 3986 non
648 3926 740 4004 potui
764 3926 946 3987 institutum
970 3936 1063 3986 tuum
1079 3945 1146 3987 non
1163 3926 1265 3988 modo
1288 3947 1354 3988 non
1377 3946 1506 3989 summe
1529 3927 1666 3991 laudare

169 4029 269 4091 used
299 4030 396 4090 etiam
420 4030 631 4090 vehementer
662 4049 729 4090 non
752 4029 903 4108 probare,
935 4030 1026 4110 quod
1050 4029 1199 4091 videlicet
1223 4030 1381 4092 ecclesiae
1404 4029 1447 4092 illi
1471 4031 1665 4110 plebanicae

209 4133 309 4196 sterili
342 4143 374 4194 et
408 4153 585 4214 parvorum
620 4133 919 4196 emolumentorum
945 4134 1133 4209 adhaereas,
1172 4154 1232 4196 nec
1267 4135 1452 4216 pingniores
1483 4137 1667 4214 parochias,

208 4236 324 4316 amplis
348 4236 531 4300 redditibus
554 4248 586 4300 et
611 4237 747 4299 decimis
769 4238 909 4312 dotatas,
932 4238 1039 4317 sagaci
1064 4244 1096 4298 et
1119 4235 1201 4318 vigili
1227 4238 1487 4317 perscrutatione
1510 4240 1667 4319 requiras,

208 4351 245 4402 ut
271 4360 357 4402 nunc
381 4340 474 4403 multi
498 4342 745 4421 plebanicarum
768 4341 979 4403 ecclesiarum
1011 4351 1161 4420 pastores
1184 4340 1289 4402 facere
1312 4341 1427 4418 solent,
1450 4363 1517 4404 non
1542 4345 1667 4416 ovium,

208 4444 267 4508 sed
291 4444 392 4507 solius
416 4445 508 4507 lanae
530 4445 719 4507 tondendae
749 4458 780 4508 et
805 4446 896 4508 lactis
919 4445 1104 4528 emulgendi
1134 4455 1166 4508 et
1196 4466 1231 4508 se
1254 4447 1343 4525 ipsos
1365 4447 1523 4526 pascendi
1546 4466 1667 4511 curam

167 4557 366 4630 egerentes.
404 4548 587 4611 Transeant
618 4570 697 4611 oves
727 4569 785 4629 per
817 4570 940 4628 pascua
974 4552 1073 4612 noxia
1104 4560 1136 4613 ct
1164 4550 1286 4613 multos
1309 4552 1447 4614 morbos
1469 4551 1667 4646 inducentia,

210 4652 356 4715 similiter
389 4672 447 4732 per
478 4654 620 4732 abrupta
644 4663 675 4714 et
700 4654 890 4733 praecipitia
914 4664 945 4715 et
969 4652 1042 4718 loca
1064 4675 1083 4715 a
1106 4653 1190 4734 lupis
1214 4654 1427 4735 frequentata,
1459 4676 1576 4737 parum
1600 4656 1667 4719 hoc

300 4876 320 4937 ¹)
340 4875 472 4941 Rozumej
495 4874 689 4928 »Theriobulia
706 4875 820 4944 Joannis
840 4874 973 4928 Dubravii
1000 4877 1032 4928 de
1053 4875 1135 4943 regiis
1154 4876 1336 4945 praeceptis«,
1361 4877 1437 4930 leterii
1462 4878 1540 4948 vysla
1565 4896 1582 4930 v
1600 4879 1669 4932 Kra-

211 4963 280 5014 love
301 4978 322 5014 r.
342 4962 416 5012 1521.

297 5050 316 5115 ²)
336 5048 459 5101 Mtntnti
477 5048 528 5100 zde
549 5065 601 5115 pan
621 5048 712 5100 Vilem
734 5067 749 5102 z
768 5051 923 5119 Perndtyna
944 5049 999 5117 μὶ.
1019 5050 1111 5102 dubna
1131 5051 1206 5111 1521,
1232 5052 1353 5104 nevlme.

298 5136 319 5203 ³)
339 5136 443 5188 Nedele
460 5134 579 5203 Jubilate
604 5136 717 5203 plipada
744 5153 765 5187 r.
787 5137 862 5199 1521,
888 5138 922 5189 hu
949 5138 1074 5190 literemu
1098 5139 1220 5190 vsechen
1247 5138 1335 5190 ohsah
1358 5137 1422 5190 listu
1441 5138 1601 5206 poultazuje‚
1627 5157 1666 5194 na

211 5222 264 5274 den
283 5222 324 5273 21.
345 5221 444 5274 dubna.

298 5308 322 5378 ⁴)
340 5308 399 5377 Tyr
418 5308 468 5372 asi,
485 5307 579 5376 jemui
599 5311 695 5362 svidel
714 5309 760 5362 list
779 5311 865 5362 XXV.
893 5311 973 5365 Leztt
991 5295 1112 5364 Xdanice
1132 5311 1221 5364 bllzko
1240 5328 1256 5363 u
1277 5312 1419 5364 Kouiime.
