3674 5858
216 404 251 459 92
665 405 714 475 Jan
734 390 847 459 Slechta
866 405 944 459 imezi
968 404 1118 474 Ondlejovi
1138 405 1214 459 1521.

215 618 453 701 cognoscimus,
476 638 574 680 unam
598 618 755 697 corporis,
779 637 863 699 quae
886 617 960 698 isio)
983 618 1129 682 ulteriori
1152 617 1350 683 resolutione
1373 598 1544 682 revertitur
1561 617 1592 681 in
1609 636 1660 692 ea,

215 743 259 784 ex
282 723 402 803 quibus
425 723 607 799 constabat,
630 721 806 800 elementa;
838 742 923 804 quae
946 724 971 786 si
995 725 1026 785 in
1049 724 1174 798 timore,
1205 725 1230 786 si
1254 724 1286 785 in
1309 725 1430 803 pietate
1452 733 1484 785 et
1508 722 1669 804 religione

216 827 382 889 hominem
407 829 597 907 reppererit,
621 828 707 888 bona
730 835 781 889 est
804 828 992 890 testimonio
1017 827 1209 907 prophetae,
1233 829 1288 908 qui
1303 829 1419 909 inquit:
1447 828 1614 890 »Pretiosa
1632 827 1665 888 in

216 940 398 1010 conspectu
422 930 554 992 Domini
578 951 668 992 mors
691 940 881 993 sanctorum
904 932 1009 1007 eius;·
1037 933 1062 992 si
1087 942 1298 1010 peccatorem
1321 943 1431 994 autem
1454 932 1561 993 minus
1585 949 1668 1011 poe-

187 1037 370 1097 enitentem
393 1044 425 1097 et
448 1035 479 1095 in
503 1034 596 1097 malis
619 1035 819 1097 obduratum
844 1035 1104 1115 deprehenderit,
1128 1035 1213 1097 mala
1228 1045 1261 1098 et
1276 1047 1436 1115 perpetua
1458 1047 1517 1112 est,
1540 1036 1582 1098 de
1598 1054 1668 1117 qua

214 1138 275 1201 alio
299 1139 374 1202 loco
397 1139 564 1201 scribitur:
607 1138 720 1201 »Mors
744 1149 957 1218 peccatorum
982 1140 1150 1219 pessima«
1193 1139 1235 1201 Et
1258 1139 1341 1202 sicut
1364 1142 1469 1221 prima
1492 1150 1541 1203 est
1565 1138 1667 1202 felici·

214 1245 296 1316 tatis,
327 1244 373 1304 sic
401 1244 462 1304 ista
493 1243 641 1304 miseriae
671 1252 703 1305 et
734 1242 926 1305 calamitatis
957 1244 1176 1322 sempiternae
1206 1245 1339 1306 initium.
1386 1243 1472 1306 Nam
1506 1244 1668 1325 quamdiu

214 1346 386 1409 mortalem
410 1346 494 1408 hanc
525 1348 622 1408 vitam
653 1346 797 1423 vivimus,
827 1369 870 1409 ex
893 1349 1011 1410 virtute
1038 1348 1070 1410 in
1094 1349 1204 1410 vitium
1235 1358 1333 1410 etex
1357 1349 1434 1410 vitio
1458 1348 1489 1410 in
1511 1349 1669 1410 virtutem

213 1453 348 1514 arbitrio
371 1461 485 1514 nostro
508 1452 647 1513 transire
670 1453 877 1531 permittitur.
924 1452 969 1514 At
994 1462 1170 1533 postquam
1194 1452 1236 1514 de
1260 1454 1411 1533 corporis
1435 1453 1531 1515 huius
1554 1453 1669 1514 taber·

176 1555 331 1618 ¹0naculo
362 1557 455 1617 eiecti
485 1555 633 1617 debitum
664 1565 800 1617 naturae
832 1555 1059 1633 persolvimus,
1089 1576 1191 1618 neca
1215 1559 1292 1619 vitio
1323 1557 1355 1618 in
1377 1558 1530 1619 virtutem
1561 1577 1623 1619 nec
1649 1578 1669 1618 a

213 1661 329 1723 virtute
352 1661 385 1721 in
408 1661 520 1721 vitium
536 1669 586 1721 est
601 1659 765 1722 transitus.
788 1658 884 1721 Tunc
908 1661 994 1721 enim
1012 1670 1044 1722 ct
1059 1661 1200 1724 viatores
1224 1681 1297 1724 esse
1321 1660 1508 1738 desinimus,
1531 1671 1564 1724 et
1588 1681 1668 1740 pro·

213 1765 359 1826 merendi
389 1784 428 1826 ac
459 1763 683 1826 commerendi
715 1772 837 1826 statum
860 1765 1046 1828 amittimus.
1093 1763 1187 1841 Nam,
1218 1775 1254 1828 ut
1284 1767 1396 1828 scribit
1419 1766 1514 1828 divus
1537 1763 1667 1848 Grego-

213 1869 293 1931 rius:
321 1869 373 1930 »In
397 1868 562 1948 praesenti
585 1868 648 1929 vita
672 1868 764 1947 quasi
788 1868 820 1928 in
844 1869 892 1928 via
916 1888 1040 1944 sumus,
1064 1887 1128 1949 qua
1151 1869 1193 1931 ad
1217 1871 1355 1949 patriam
1379 1871 1552 1952 pergimus.
1593 1869 1668 1932 Ma·

213 1973 286 2056 ligni
317 1983 428 2034 autem
458 1972 591 2051 spiritus
614 1972 674 2033 iter
696 1980 846 2034 nostrum
878 1973 968 2052 quasi
994 1972 1127 2052 quidam
1152 1972 1324 2036 latrunculi
1357 1973 1540 2036 obsident«
1581 1971 1669 2037 Cum

175 2078 275 2139 uhac
305 2097 384 2158 ergo
415 2078 487 2154 vita,
518 2094 603 2157 quae
634 2086 740 2138 morte
768 2076 969 2149 terminatur,
997 2076 1152 2138 finiuntur
1180 2097 1247 2139 non
1276 2087 1421 2157 peccata,
1451 2078 1510 2140 sed
1541 2079 1670 2140 merita.

214 2180 380 2262 Quicquid
404 2181 491 2242 enim
515 2190 547 2242 et
571 2181 602 2240 in
625 2179 780 2259 paradiso
813 2189 901 2242 recte
924 2181 1031 2262 agitur
1053 2200 1072 2240 a
1096 2181 1216 2244 sanctis
1248 2191 1281 2243 et
1304 2182 1336 2243 in
1359 2181 1484 2243 inferno
1507 2190 1667 2261 peccatur

214 2307 233 2348 a
263 2285 433 2361 damnatis
464 2285 539 2346 ideo
563 2284 668 2346 meriti
690 2285 848 2346 rationem
871 2285 995 2356 amittit,
1027 2284 1117 2364 quod
1148 2295 1242 2346 extra
1265 2287 1348 2346 viam
1372 2285 1438 2346 fiat.
1477 2285 1555 2347 Vita
1578 2285 1669 2348 enim

215 2389 296 2452 haec
326 2400 437 2452 nostra
468 2408 535 2451 non
559 2397 608 2449 est
630 2389 689 2449 nisi
713 2387 847 2469 quidam
879 2407 974 2469 agon,
1004 2388 1169 2450 theatrum
1194 2399 1225 2451 et
1249 2387 1412 2469 Olympia,
1435 2389 1491 2450 ubi
1514 2399 1671 2468 spectan-

214 2496 303 2557 tibus
332 2494 462 2555 arbitris
492 2493 669 2573 propositis
699 2493 830 2554 coronis
860 2491 1048 2554 decertatur
1071 2502 1102 2554 et
1126 2512 1270 2555 coronae
1301 2493 1397 2556 finitis
1428 2493 1668 2556 certaminibus

175 2608 202 2650 2⁰
216 2599 456 2661 distribuuntur
479 2618 541 2677 pro
564 2596 720 2677 qualitate
743 2597 946 2657 meritorum.
970 2594 1094 2675 Quales
1118 2600 1203 2657 eninr
1228 2598 1388 2659 morimur
1411 2597 1478 2659 sive
1501 2598 1579 2660 boni
1595 2597 1666 2659 sive

214 2702 298 2780 mali,
328 2701 411 2765 tales
434 2701 533 2764 futuri
557 2720 690 2780 semper
712 2700 908 2783 egredimur,
938 2700 1002 2761 hoc
1026 2709 1170 2779 excepto
1201 2699 1292 2781 quod
1323 2703 1408 2763 sicut
1438 2701 1516 2762 boni
1539 2701 1667 2778 melius,

212 2807 258 2869 sic
282 2806 357 2869 mali
380 2815 456 2869 sunt
479 2825 610 2884 semper
633 2806 726 2884 peius
750 2804 902 2866 habituri.
934 2802 998 2882 Qui
1022 2823 1102 2885 ergo
1127 2805 1244 2866 mutari
1268 2804 1344 2881 vult,
1368 2810 1399 2867 in
1423 2806 1487 2867 vita
1510 2814 1667 2869 mutetur.

211 2910 297 2973 Nam
329 2922 405 2991 post
434 2920 574 2972 mortem
605 2919 696 2971 tanta
723 2919 773 2971 est
797 2911 880 2970 vitae
903 2907 1036 2970 alterius
1068 2910 1233 2985 severitas,
1263 2918 1298 2971 ut
1322 2910 1353 2971 in
1377 2929 1416 2970 ea
1438 2910 1523 2972 sicut
1546 2909 1666 2992 singuli

211 3016 378 3095 incipiunt,
401 3015 445 3076 ita
463 3024 682 3094 perseverant.
711 3012 787 3088 illic,
810 3014 866 3074 ubi
879 3032 948 3074 nox
963 3021 1022 3087 est,
1045 3032 1212 3095 nunquam
1237 3013 1414 3089 illucescet,
1436 3015 1493 3075 ubi
1518 3012 1589 3076 dies
1605 3023 1668 3090 est,

168 3130 377 3199 &nunquam
402 3117 483 3180 lucis
506 3118 669 3198 nigrescet
692 3135 842 3179 occasus
889 3116 974 3178 Hinc
999 3117 1117 3179 beatus
1148 3117 1294 3198 Jacobus
1323 3117 1364 3179 de
1387 3127 1482 3196 patre
1505 3116 1667 3179 luminum

187 3224 407 3285 'mentionem
437 3221 558 3284 faciens
594 3220 715 3300 »Apud
746 3240 873 3300 quem«
909 3220 993 3282 dixit
1020 3240 1104 3283 »non
1127 3231 1176 3284 est
1200 3222 1441 3296 transmutatio,
1463 3241 1525 3283 nec
1547 3220 1670 3282 vicissi-

209 3328 329 3390 tudinis
359 3326 600 3389 obumbratio«
644 3324 719 3387 Duo
743 3325 852 3386 adhuc
878 3335 1048 3404 praeterea
1079 3326 1193 3387 mortis
1225 3344 1345 3407 genera
1377 3324 1667 3404 deprehendimus,

210 3431 385 3510 spiritualis
420 3450 528 3503 unum,
564 3448 631 3509 quo
666 3431 768 3491 virtus
800 3439 833 3490 et
868 3429 929 3490 Dei
957 3432 1056 3491 timor
1086 3431 1116 3490 in
1148 3430 1243 3491 nobis
1275 3431 1404 3508 expirat
1434 3438 1468 3491 et
1490 3430 1667 3504 evanescit,

210 3535 358 3610 alterum,
389 3534 480 3615 quod
504 3535 577 3594 vitia
601 3543 634 3594 et
657 3533 809 3594 vitiorum
841 3532 986 3594 fomenta
1011 3533 1195 3596 mortificat.
1231 3533 1281 3594 De
1305 3537 1413 3614 primo
1436 3552 1556 3615 genere
1580 3533 1667 3594 dixit

170 3652 198 3692 ³⁰
211 3637 375 3701 Christus:
413 3636 508 3699 »Sine
540 3644 690 3698 mortuos
714 3636 852 3716 sepelire
876 3647 1027 3699 mortuos
1051 3657 1157 3699 suos«
1196 3637 1348 3699 Mortuos
1371 3640 1457 3699 enirn
1481 3635 1667 3717 appellavit,

209 3745 264 3825 qui
292 3742 414 3817 seculo,
448 3743 618 3822 appetitui,
647 3741 703 3821 qui
733 3739 868 3802 diabolo
900 3742 1053 3810 serviunt,
1090 3741 1144 3819 qui
1180 3761 1300 3819 pravae
1334 3741 1579 3803 consuetudinis
1610 3760 1664 3801 se-

209 3847 348 3927 pulchro
372 3845 485 3908 inclusi
510 3866 570 3908 nec
594 3848 716 3926 gratiae
739 3844 891 3907 caelestis
915 3851 1025 3906 aerem
1049 3844 1227 3919 attrahunt,
1250 3865 1311 3906 nec
1336 3845 1395 3906 Dei
1412 3846 1562 3924 spiritum
1580 3863 1663 3905 con·

208 3953 340 4030 cipiunt,
365 3970 432 4037 ¹nec
465 3949 508 4011 ad
546 3950 625 4030 legis
656 3968 690 4011 se
725 3948 877 4010 mandata
909 3948 1069 4010 attollunt.
1101 3947 1151 4009 De
1176 3949 1323 4010 secundo
1348 3947 1524 4028 spiritualis
1550 3949 1670 4009 mortis

207 4074 327 4136 genere
344 4042 462 4116 dicitur
479 4075 497 4114 a
516 4052 616 4115 Paulo
633 4052 675 4114 ad
694 4053 881 4115 Romanos:
910 4053 995 4130 »Qui
1012 4063 1162 4115 mortuus
1187 4062 1244 4128 est,
1268 4053 1460 4115 iustificatus
1481 4061 1531 4113 est
1553 4072 1572 4112 a
1588 4071 1669 4130 pec·

169 4170 299 4234 fficat0;
332 4158 357 4219 si
381 4167 492 4220 autem
516 4158 636 4219 mortui
668 4176 783 4218 sumus
806 4177 881 4218 cum
906 4154 1046 4232 Christo,
1077 4154 1251 4232 credimus,
1282 4158 1358 4237 quia
1382 4155 1478 4218 simul
1501 4157 1601 4218 etiam
1625 4157 1669 4216 vi·

208 4282 322 4325 vemus
345 4282 420 4324 cum
438 4260 520 4323 illo.‹
545 4261 587 4323 Et
603 4261 702 4340 paulo
718 4260 812 4323 inira:
839 4261 906 4321 »Ita
929 4271 961 4322 et
985 4281 1044 4323 vos
1067 4260 1251 4322 existimate
1275 4281 1333 4322 vos
1356 4269 1507 4322 mortuos
1530 4258 1668 4342 quidem

207 4386 281 4429 esse
304 4375 453 4446 peccato,
477 4365 622 4428 viventes
644 4375 755 4427 autern
780 4364 852 4426 Deo
869 4366 901 4427 in
917 4362 1048 4426 Christo
1073 4363 1177 4445 lesu<
1206 4363 1248 4424 Et
1271 4364 1445 4446 quomodo
1469 4363 1532 4425 hac
1557 4374 1668 4425 morte

209 4471 418 4532 moriendum
443 4470 492 4546 sit,
517 4469 611 4531 dicit:
639 4468 734 4531 »Non
756 4488 861 4550 erg0,‹
889 4470 999 4550 inquit,
1032 4477 1165 4550 »regnet
1188 4478 1362 4546 peccatum
1386 4469 1418 4529 in
1442 4477 1552 4530 vestro
1576 4487 1668 4530 mor·

207 4574 262 4637 tali
280 4595 427 4655 corpore,
451 4583 488 4636 ut
510 4574 694 4637 oboediatis
721 4574 997 4653 concupiscentiis
1014 4573 1091 4646 eius,
1115 4571 1174 4634 sed
1191 4591 1297 4652 neque
1313 4572 1498 4633 exhibeatis
1514 4572 1666 4632 membra

168 4691 195 4733 ⁴⁰
207 4689 316 4742 vestra
332 4699 424 4741 arma
447 4679 625 4759 iniquitatis
648 4687 797 4758 peccat0,
820 4677 879 4739 sed
903 4677 1087 4738 exhibeatis
1103 4696 1162 4737 vos
1180 4675 1252 4737 Deo
1276 4686 1432 4757 tanquam
1456 4695 1500 4737 ex
1526 4676 1668 4737 mortuis

205 4784 350 4845 viventes
373 4793 405 4846 et
422 4783 571 4845 membra
593 4792 700 4845 vestra
721 4801 812 4844 arma
836 4781 975 4844 iustitiae
999 4781 1100 4843 Deo«
1128 4780 1223 4842 Hanc
1247 4788 1388 4842 mortem
1412 4779 1491 4841 dicit
1514 4779 1608 4841 Plato
1632 4779 1665 4841 in

205 4887 356 4950 Phaedro
380 4886 478 4949 licere
501 4887 678 4968 unicuique
702 4886 763 4948 sibi
786 4884 911 4962 inferre,
935 4885 1026 4966 quod
1050 4885 1092 4945 ab
1115 4883 1300 4964 evangelica
1323 4893 1355 4945 et
1379 4883 1561 4962 apostolica
1585 4882 1668 4944 doc·

204 4991 289 5055 trina
311 5011 379 5054 non
400 4991 574 5071 discrepat.
600 4989 727 5052 Verum
752 4988 898 5051 nonnulli
924 5009 991 5050 non
1006 4988 1213 5050 advertentes
1232 4988 1295 5050 hoc
1314 4987 1482 5050 Platonem
1505 4987 1548 5049 de
1570 5007 1664 5049 com·

287 5094 296 5159 i
317 5105 425 5159 morte
448 5094 537 5177 loqui
562 5093 747 5156 calumniati
770 5101 846 5155 sunt
870 5092 969 5168 illurn,
1001 5112 1099 5171 quem
1129 5092 1207 5153 dum
1232 5090 1414 5154 inconsulte
1438 5093 1664 5162 criminantur,

411 5216 437 5263 a
450 5199 633 5283 ignorantia
649 5196 918 5259 condemnantur.
943 5197 978 5259 Si
995 5206 1026 5257 te
1043 5215 1129 5277 ergo,
1153 5195 1271 5257 dilecte
1287 5206 1387 5275 pater,
1411 5196 1579 5276 quispiam
1597 5196 1665 5258 sive

523 5300 551 5360 *l
566 5301 705 5383 profano
728 5300 849 5363 cavillis
872 5312 904 5363 et
929 5303 992 5364 risu
1016 5302 1172 5380 impetere
1195 5301 1459 5380 praesumpserit,
1484 5298 1576 5380 quod
1601 5299 1667 5361 hoc
