<?xml version="1.0" encoding="UTF-8"?>
<!DOCTYPE html PUBLIC "-//W3C//DTD XHTML 1.0 Transitional//EN"
    "http://www.w3.org/TR/xhtml1/DTD/xhtml1-transitional.dtd">
<html xmlns="http://www.w3.org/1999/xhtml" xml:lang="en" lang="en">
 <head>
  <title>
</title>
<meta http-equiv="Content-Type" content="text/html;charset=utf-8" />
  <meta name='ocr-system' content='tesseract 3.04.00' />
  <meta name='ocr-capabilities' content='ocr_page ocr_carea ocr_par ocr_line ocrx_word'/>
</head>
<body>
  <div class='ocr_page' id='page_1' title='image "./dvalistehumanis00vegoog_0096.png"; bbox 0 0 3652 5858; ppageno 0'>
   <div class='ocr_carea' id='block_1_1' title="bbox 521 390 1612 476">
    <p class='ocr_par' dir='ltr' id='par_1_1' title="bbox 521 390 1612 476">
     <span class='ocr_line' id='line_1_1' title="bbox 521 390 1612 476; baseline -0.002 -16"><span class='ocrx_word' id='word_1_1' title='bbox 521 408 572 476; x_wconf 80' lang='lat' dir='ltr'>Jan</span> <span class='ocrx_word' id='word_1_2' title='bbox 591 390 703 461; x_wconf 64' lang='lat' dir='ltr'>dlechta</span> <span class='ocrx_word' id='word_1_3' title='bbox 721 405 867 460; x_wconf 80' lang='lat' dir='ltr'>Eraamovi</span> <span class='ocrx_word' id='word_1_4' title='bbox 889 406 1157 461; x_wconf 71' lang='lat' dir='ltr'>Rotamdamukemu</span> <span class='ocrx_word' id='word_1_5' title='bbox 1177 404 1253 459; x_wconf 78' lang='lat'>1519.</span> <span class='ocrx_word' id='word_1_6' title='bbox 1578 402 1612 458; x_wconf 78' lang='grc'>77</span> 
     </span>
    </p>
   </div>
   <div class='ocr_carea' id='block_1_2' title="bbox 166 614 1665 3097">
    <p class='ocr_par' dir='ltr' id='par_1_2' title="bbox 166 614 1665 3097">
     <span class='ocr_line' id='line_1_2' title="bbox 166 614 1622 696; baseline -0.002 -18"><span class='ocrx_word' id='word_1_7' title='bbox 166 616 371 695; x_wconf 78' lang='lat' dir='ltr'><strong>accepissem,</strong></span> <span class='ocrx_word' id='word_1_8' title='bbox 400 635 458 694; x_wconf 92' lang='lat' dir='ltr'>pro</span> <span class='ocrx_word' id='word_1_9' title='bbox 482 635 637 696; x_wconf 91' lang='lat' dir='ltr'>persuaso</span> <span class='ocrx_word' id='word_1_10' title='bbox 661 615 758 677; x_wconf 91' lang='lat' dir='ltr'>habui</span> <span class='ocrx_word' id='word_1_11' title='bbox 785 615 891 677; x_wconf 85' lang='lat' dir='ltr'>literas</span> <span class='ocrx_word' id='word_1_12' title='bbox 923 615 991 678; x_wconf 90' lang='lat' dir='ltr'>illas</span> <span class='ocrx_word' id='word_1_13' title='bbox 1015 616 1202 694; x_wconf 85' lang='lat' dir='ltr'><strong>neutiquam</strong></span> <span class='ocrx_word' id='word_1_14' title='bbox 1226 614 1268 676; x_wconf 93' lang='lat' dir='ltr'>ad</span> <span class='ocrx_word' id='word_1_15' title='bbox 1291 624 1322 676; x_wconf 92' lang='lat' dir='ltr'>te</span> <span class='ocrx_word' id='word_1_16' title='bbox 1346 616 1537 693; x_wconf 88' lang='lat' dir='ltr'>pervenisse,</span> <span class='ocrx_word' id='word_1_17' title='bbox 1564 614 1622 675; x_wconf 93' lang='lat' dir='ltr'>sed</span> 
     </span>
     <span class='ocr_line' id='line_1_3' title="bbox 167 717 1623 799; baseline -0.003 -18"><span class='ocrx_word' id='word_1_18' title='bbox 167 722 219 783; x_wconf 91' lang='lat' dir='ltr'>vel</span> <span class='ocrx_word' id='word_1_19' title='bbox 242 719 426 798; x_wconf 89' lang='lat' dir='ltr'>deperditas</span> <span class='ocrx_word' id='word_1_20' title='bbox 448 719 498 780; x_wconf 88' lang='lat' dir='ltr'>vel</span> <span class='ocrx_word' id='word_1_21' title='bbox 522 719 563 781; x_wconf 89' lang='lat' dir='ltr'>ad</span> <span class='ocrx_word' id='word_1_22' title='bbox 586 718 724 799; x_wconf 83' lang='lat' dir='ltr'>aliquem</span> <span class='ocrx_word' id='word_1_23' title='bbox 749 720 780 780; x_wconf 90' lang='lat' dir='ltr'>in</span> <span class='ocrx_word' id='word_1_24' title='bbox 804 721 854 780; x_wconf 90' lang='lat' dir='ltr'>via</span> <span class='ocrx_word' id='word_1_25' title='bbox 877 719 1025 781; x_wconf 90' lang='lat' dir='ltr'>detentas</span> <span class='ocrx_word' id='word_1_26' title='bbox 1048 718 1098 780; x_wconf 86' lang='lat' dir='ltr'>vel</span> <span class='ocrx_word' id='word_1_27' title='bbox 1123 717 1164 780; x_wconf 92' lang='lat' dir='ltr'>ab</span> <span class='ocrx_word' id='word_1_28' title='bbox 1189 718 1296 799; x_wconf 88' lang='lat' dir='ltr'>aliquo</span> <span class='ocrx_word' id='word_1_29' title='bbox 1319 720 1518 798; x_wconf 89' lang='lat' dir='ltr'>interceptas</span> <span class='ocrx_word' id='word_1_30' title='bbox 1541 735 1623 779; x_wconf 91' lang='lat' dir='ltr'>esse.</span> 
     </span>
     <span class='ocr_line' id='line_1_4' title="bbox 168 822 1625 906; baseline -0.003 -19"><span class='ocrx_word' id='word_1_31' title='bbox 168 824 276 887; x_wconf 91' lang='lat' dir='ltr'>Tanto</span> <span class='ocrx_word' id='word_1_32' title='bbox 306 826 400 906; x_wconf 87' lang='lat' dir='ltr'>igitur</span> <span class='ocrx_word' id='word_1_33' title='bbox 433 843 517 885; x_wconf 92' lang='lat' dir='ltr'>nunc</span> <span class='ocrx_word' id='word_1_34' title='bbox 546 824 621 885; x_wconf 91' lang='lat' dir='ltr'>mihi</span> <span class='ocrx_word' id='word_1_35' title='bbox 653 825 809 906; x_wconf 82' lang='lat' dir='ltr'><strong>gratiores</strong></span> <span class='ocrx_word' id='word_1_36' title='bbox 831 834 863 885; x_wconf 93' lang='lat' dir='ltr'>et</span> <span class='ocrx_word' id='word_1_37' title='bbox 886 823 1092 886; x_wconf 88' lang='lat' dir='ltr'>iucundiores</span> <span class='ocrx_word' id='word_1_38' title='bbox 1114 822 1249 898; x_wconf 88' lang='lat' dir='ltr'>fuerunt,</span> <span class='ocrx_word' id='word_1_39' title='bbox 1281 833 1403 903; x_wconf 92' lang='lat' dir='ltr'>quanto</span> <span class='ocrx_word' id='word_1_40' title='bbox 1427 824 1533 885; x_wconf 91' lang='lat' dir='ltr'>minus</span> <span class='ocrx_word' id='word_1_41' title='bbox 1555 841 1625 902; x_wconf 91' lang='lat' dir='ltr'>spe-</span> 
     </span>
     <span class='ocr_line' id='line_1_5' title="bbox 168 928 1624 1010; baseline -0.003 -19"><span class='ocrx_word' id='word_1_42' title='bbox 168 940 259 992; x_wconf 87' lang='lat' dir='ltr'>ratae</span> <span class='ocrx_word' id='word_1_43' title='bbox 282 939 439 992; x_wconf 88' lang='lat' dir='ltr'>venerunt</span> <span class='ocrx_word' id='word_1_44' title='bbox 462 937 495 990; x_wconf 92' lang='lat' dir='ltr'>et</span> <span class='ocrx_word' id='word_1_45' title='bbox 520 929 651 1008; x_wconf 90' lang='lat' dir='ltr'>quidem</span> <span class='ocrx_word' id='word_1_46' title='bbox 675 950 695 990; x_wconf 91' lang='lat' dir='ltr'>a</span> <span class='ocrx_word' id='word_1_47' title='bbox 717 929 770 991; x_wconf 90' lang='lat' dir='ltr'>tali</span> <span class='ocrx_word' id='word_1_48' title='bbox 794 928 910 1001; x_wconf 93' lang='lat' dir='ltr'>amico,</span> <span class='ocrx_word' id='word_1_49' title='bbox 938 930 1066 1007; x_wconf 91' lang='lat' dir='ltr'>qualem</span> <span class='ocrx_word' id='word_1_50' title='bbox 1090 946 1152 1010; x_wconf 89' lang='lat' dir='ltr'>ego</span> <span class='ocrx_word' id='word_1_51' title='bbox 1175 928 1323 988; x_wconf 91' lang='lat' dir='ltr'>nimirum</span> <span class='ocrx_word' id='word_1_52' title='bbox 1353 929 1433 990; x_wconf 90' lang='lat' dir='ltr'>inter</span> <span class='ocrx_word' id='word_1_53' title='bbox 1454 929 1570 990; x_wconf 90' lang='lat' dir='ltr'>charos</span> <span class='ocrx_word' id='word_1_54' title='bbox 1592 937 1624 986; x_wconf 91' lang='lat' dir='ltr'>et</span> 
     </span>
     <span class='ocr_line' id='line_1_6' title="bbox 167 1032 1663 1115; baseline -0.004 -20"><span class='ocrx_word' id='word_1_55' title='bbox 167 1053 256 1096; x_wconf 92' lang='lat' dir='ltr'>raros</span> <span class='ocrx_word' id='word_1_56' title='bbox 279 1034 500 1095; x_wconf 91' lang='lat' dir='ltr'>charissimum</span> <span class='ocrx_word' id='word_1_57' title='bbox 524 1034 638 1095; x_wconf 90' lang='lat' dir='ltr'>habeo.</span> <span class='ocrx_word' id='word_1_58' title='bbox 663 1032 816 1095; x_wconf 85' lang='lat' dir='ltr'>Gratulor</span> <span class='ocrx_word' id='word_1_59' title='bbox 831 1044 939 1095; x_wconf 89' lang='lat' dir='ltr'>autem</span> <span class='ocrx_word' id='word_1_60' title='bbox 957 1033 1112 1111; x_wconf 85' lang='lat' dir='ltr'>imprimis</span> <span class='ocrx_word' id='word_1_61' title='bbox 1128 1050 1304 1110; x_wconf 84' lang='lat' dir='ltr'>prosperae</span> <span class='ocrx_word' id='word_1_62' title='bbox 1328 1043 1359 1094; x_wconf 92' lang='lat' dir='ltr'>et</span> <span class='ocrx_word' id='word_1_63' title='bbox 1382 1033 1523 1115; x_wconf 86' lang='lat' dir='ltr'>integrae</span> <span class='ocrx_word' id='word_1_64' title='bbox 1539 1032 1623 1096; x_wconf 91' lang='lat' dir='ltr'>vale·</span> <span class='ocrx_word' id='word_1_65' title='bbox 1649 1048 1663 1089; x_wconf 81' lang='lat' dir='ltr'>o</span> 
     </span>
     <span class='ocr_line' id='line_1_7' title="bbox 166 1136 1623 1220; baseline 0.002 -22"><span class='ocrx_word' id='word_1_66' title='bbox 166 1138 268 1200; x_wconf 90' lang='lat' dir='ltr'>tudini</span> <span class='ocrx_word' id='word_1_67' title='bbox 292 1148 367 1201; x_wconf 89' lang='lat' dir='ltr'>tuae</span> <span class='ocrx_word' id='word_1_68' title='bbox 390 1141 559 1218; x_wconf 92' lang='lat' dir='ltr'>cupioque,</span> <span class='ocrx_word' id='word_1_69' title='bbox 591 1147 625 1200; x_wconf 90' lang='lat' dir='ltr'>ut</span> <span class='ocrx_word' id='word_1_70' title='bbox 648 1137 764 1199; x_wconf 87' lang='lat' dir='ltr'>aemuli</span> <span class='ocrx_word' id='word_1_71' title='bbox 798 1138 844 1198; x_wconf 91' lang='lat' dir='ltr'>tui</span> <span class='ocrx_word' id='word_1_72' title='bbox 876 1136 917 1198; x_wconf 94' lang='lat' dir='ltr'>de</span> <span class='ocrx_word' id='word_1_73' title='bbox 949 1138 1062 1199; x_wconf 92' lang='lat' dir='ltr'>mortis</span> <span class='ocrx_word' id='word_1_74' title='bbox 1085 1147 1159 1198; x_wconf 90' lang='lat' dir='ltr'>tuae</span> <span class='ocrx_word' id='word_1_75' title='bbox 1182 1139 1406 1200; x_wconf 91' lang='lat' dir='ltr'>commentitio</span> <span class='ocrx_word' id='word_1_76' title='bbox 1429 1156 1546 1220; x_wconf 82' lang='lat' dir='ltr'>genere</span> <span class='ocrx_word' id='word_1_77' title='bbox 1568 1139 1623 1201; x_wconf 92' lang='lat' dir='ltr'>diu</span> 
     </span>
     <span class='ocr_line' id='line_1_8' title="bbox 168 1241 1624 1323; baseline 0.001 -21"><span class='ocrx_word' id='word_1_78' title='bbox 168 1244 215 1303; x_wconf 90' lang='lat' dir='ltr'>sic</span> <span class='ocrx_word' id='word_1_79' title='bbox 238 1260 347 1304; x_wconf 91' lang='lat' dir='ltr'>verum</span> <span class='ocrx_word' id='word_1_80' title='bbox 371 1242 551 1323; x_wconf 90' lang='lat' dir='ltr'>loquantur,</span> <span class='ocrx_word' id='word_1_81' title='bbox 574 1241 854 1322; x_wconf 91' lang='lat' dir='ltr'>quemadmodum</span> <span class='ocrx_word' id='word_1_82' title='bbox 878 1243 1034 1320; x_wconf 86' lang='lat' dir='ltr'>superiori</span> <span class='ocrx_word' id='word_1_83' title='bbox 1057 1252 1089 1302; x_wconf 91' lang='lat' dir='ltr'>et</span> <span class='ocrx_word' id='word_1_84' title='bbox 1113 1244 1274 1321; x_wconf 78' lang='lat' dir='ltr'>praesenti</span> <span class='ocrx_word' id='word_1_85' title='bbox 1297 1261 1382 1303; x_wconf 90' lang='lat' dir='ltr'>anno</span> <span class='ocrx_word' id='word_1_86' title='bbox 1410 1242 1458 1303; x_wconf 94' lang='lat' dir='ltr'>hic</span> <span class='ocrx_word' id='word_1_87' title='bbox 1483 1252 1513 1304; x_wconf 90' lang='lat' dir='ltr'>et</span> <span class='ocrx_word' id='word_1_88' title='bbox 1536 1243 1624 1322; x_wconf 90' lang='lat' dir='ltr'>apud</span> 
     </span>
     <span class='ocr_line' id='line_1_9' title="bbox 167 1343 1624 1427; baseline -0.001 -20"><span class='ocrx_word' id='word_1_89' title='bbox 167 1365 226 1407; x_wconf 88' lang='lat' dir='ltr'>vos</span> <span class='ocrx_word' id='word_1_90' title='bbox 256 1346 406 1422; x_wconf 89' lang='lat' dir='ltr'>fecerunt,</span> <span class='ocrx_word' id='word_1_91' title='bbox 438 1358 538 1426; x_wconf 91' lang='lat' dir='ltr'>utque</span> <span class='ocrx_word' id='word_1_92' title='bbox 564 1356 704 1408; x_wconf 91' lang='lat' dir='ltr'>aetatem</span> <span class='ocrx_word' id='word_1_93' title='bbox 735 1345 848 1407; x_wconf 89' lang='lat' dir='ltr'>annosi</span> <span class='ocrx_word' id='word_1_94' title='bbox 880 1343 1025 1407; x_wconf 91' lang='lat' dir='ltr'>Nestoris</span> <span class='ocrx_word' id='word_1_95' title='bbox 1056 1344 1193 1407; x_wconf 91' lang='lat' dir='ltr'>vivendo</span> <span class='ocrx_word' id='word_1_96' title='bbox 1225 1364 1289 1408; x_wconf 92' lang='lat' dir='ltr'>non</span> <span class='ocrx_word' id='word_1_97' title='bbox 1320 1345 1426 1408; x_wconf 93' lang='lat' dir='ltr'>solum</span> <span class='ocrx_word' id='word_1_98' title='bbox 1459 1346 1624 1427; x_wconf 85' lang='lat' dir='ltr'>adaeques</span> 
     </span>
     <span class='ocr_line' id='line_1_10' title="bbox 167 1448 1624 1531; baseline -0.001 -19"><span class='ocrx_word' id='word_1_99' title='bbox 167 1470 279 1514; x_wconf 90' lang='lat' dir='ltr'>verum</span> <span class='ocrx_word' id='word_1_100' title='bbox 302 1454 399 1514; x_wconf 90' lang='lat' dir='ltr'>etiam</span> <span class='ocrx_word' id='word_1_101' title='bbox 422 1470 566 1531; x_wconf 89' lang='lat' dir='ltr'>superes.</span> <span class='ocrx_word' id='word_1_102' title='bbox 590 1448 688 1529; x_wconf 82' lang='lat' dir='ltr'>Quod</span> <span class='ocrx_word' id='word_1_103' title='bbox 711 1460 743 1511; x_wconf 92' lang='lat' dir='ltr'>te</span> <span class='ocrx_word' id='word_1_104' title='bbox 766 1461 874 1511; x_wconf 90' lang='lat' dir='ltr'>autem</span> <span class='ocrx_word' id='word_1_105' title='bbox 898 1449 1029 1530; x_wconf 92' lang='lat' dir='ltr'>quidam</span> <span class='ocrx_word' id='word_1_106' title='bbox 1053 1448 1342 1513; x_wconf 90' lang='lat' dir='ltr'>ecclesiasticorum</span> <span class='ocrx_word' id='word_1_107' title='bbox 1365 1461 1398 1512; x_wconf 90' lang='lat' dir='ltr'>et</span> <span class='ocrx_word' id='word_1_108' title='bbox 1420 1451 1624 1529; x_wconf 89' lang='lat' dir='ltr'>potissimum</span> 
     </span>
     <span class='ocr_line' id='line_1_11' title="bbox 168 1554 1664 1636; baseline -0.003 -18"><span class='ocrx_word' id='word_1_109' title='bbox 168 1575 212 1618; x_wconf 87' lang='lat' dir='ltr'>ex</span> <span class='ocrx_word' id='word_1_110' title='bbox 229 1555 394 1617; x_wconf 90' lang='lat' dir='ltr'>monachis</span> <span class='ocrx_word' id='word_1_111' title='bbox 409 1554 601 1636; x_wconf 90' lang='lat' dir='ltr'>implacabili</span> <span class='ocrx_word' id='word_1_112' title='bbox 617 1554 693 1616; x_wconf 91' lang='lat' dir='ltr'>odio</span> <span class='ocrx_word' id='word_1_113' title='bbox 709 1565 947 1633; x_wconf 89' lang='lat' dir='ltr'>prosequuntur</span> <span class='ocrx_word' id='word_1_114' title='bbox 963 1563 996 1614; x_wconf 93' lang='lat' dir='ltr'>et</span> <span class='ocrx_word' id='word_1_115' title='bbox 1011 1555 1126 1616; x_wconf 89' lang='lat' dir='ltr'>canino</span> <span class='ocrx_word' id='word_1_116' title='bbox 1150 1572 1261 1617; x_wconf 92' lang='lat' dir='ltr'>morsu</span> <span class='ocrx_word' id='word_1_117' title='bbox 1284 1573 1518 1635; x_wconf 87' lang='lat' dir='ltr'>nonnunquam</span> <span class='ocrx_word' id='word_1_118' title='bbox 1540 1555 1624 1616; x_wconf 89' lang='lat' dir='ltr'>clam</span> <span class='ocrx_word' id='word_1_119' title='bbox 1640 1570 1664 1613; x_wconf 86' lang='lat' dir='ltr'>ro</span> 
     </span>
     <span class='ocr_line' id='line_1_12' title="bbox 167 1659 1623 1741; baseline 0 -20"><span class='ocrx_word' id='word_1_120' title='bbox 167 1663 338 1741; x_wconf 90' lang='lat' dir='ltr'>impetunt,</span> <span class='ocrx_word' id='word_1_121' title='bbox 369 1659 453 1722; x_wconf 91' lang='lat' dir='ltr'>istud</span> <span class='ocrx_word' id='word_1_122' title='bbox 484 1660 574 1740; x_wconf 90' lang='lat' dir='ltr'>apud</span> <span class='ocrx_word' id='word_1_123' title='bbox 605 1678 657 1720; x_wconf 90' lang='lat' dir='ltr'>me</span> <span class='ocrx_word' id='word_1_124' title='bbox 685 1661 801 1720; x_wconf 90' lang='lat' dir='ltr'>mirum</span> <span class='ocrx_word' id='word_1_125' title='bbox 832 1676 898 1720; x_wconf 93' lang='lat' dir='ltr'>non</span> <span class='ocrx_word' id='word_1_126' title='bbox 921 1669 979 1732; x_wconf 94' lang='lat' dir='ltr'>est,</span> <span class='ocrx_word' id='word_1_127' title='bbox 1010 1676 1084 1719; x_wconf 92' lang='lat' dir='ltr'>cum</span> <span class='ocrx_word' id='word_1_128' title='bbox 1107 1660 1206 1720; x_wconf 93' lang='lat' dir='ltr'>virtus</span> <span class='ocrx_word' id='word_1_129' title='bbox 1236 1660 1311 1720; x_wconf 91' lang='lat' dir='ltr'>vitio</span> <span class='ocrx_word' id='word_1_130' title='bbox 1334 1669 1366 1721; x_wconf 92' lang='lat' dir='ltr'>et</span> <span class='ocrx_word' id='word_1_131' title='bbox 1389 1659 1514 1721; x_wconf 92' lang='lat' dir='ltr'>bonum</span> <span class='ocrx_word' id='word_1_132' title='bbox 1536 1659 1623 1721; x_wconf 90' lang='lat' dir='ltr'>malo</span> 
     </span>
     <span class='ocr_line' id='line_1_13' title="bbox 168 1761 1625 1845; baseline -0.001 -20"><span class='ocrx_word' id='word_1_133' title='bbox 168 1783 296 1845; x_wconf 87' lang='lat' dir='ltr'>semper</span> <span class='ocrx_word' id='word_1_134' title='bbox 337 1766 530 1827; x_wconf 90' lang='lat' dir='ltr'>eontrarium</span> <span class='ocrx_word' id='word_1_135' title='bbox 564 1766 619 1840; x_wconf 89' lang='lat' dir='ltr'>sit;</span> <span class='ocrx_word' id='word_1_136' title='bbox 666 1764 742 1825; x_wconf 93' lang='lat' dir='ltr'>boni</span> <span class='ocrx_word' id='word_1_137' title='bbox 773 1763 889 1837; x_wconf 89' lang='lat' dir='ltr'>bonos,</span> <span class='ocrx_word' id='word_1_138' title='bbox 931 1762 1074 1824; x_wconf 88' lang='lat' dir='ltr'>scelerati</span> <span class='ocrx_word' id='word_1_139' title='bbox 1109 1761 1282 1825; x_wconf 90' lang='lat' dir='ltr'>sceleratos</span> <span class='ocrx_word' id='word_1_140' title='bbox 1315 1782 1424 1825; x_wconf 89' lang='lat' dir='ltr'>amare</span> <span class='ocrx_word' id='word_1_141' title='bbox 1462 1773 1494 1826; x_wconf 91' lang='lat' dir='ltr'>et</span> <span class='ocrx_word' id='word_1_142' title='bbox 1524 1764 1625 1825; x_wconf 91' lang='lat' dir='ltr'>simile</span> 
     </span>
     <span class='ocr_line' id='line_1_14' title="bbox 167 1866 1624 1949; baseline -0.002 -19"><span class='ocrx_word' id='word_1_143' title='bbox 167 1869 263 1930; x_wconf 92' lang='lat' dir='ltr'>simili</span> <span class='ocrx_word' id='word_1_144' title='bbox 286 1872 426 1931; x_wconf 91' lang='lat' dir='ltr'>amicum</span> <span class='ocrx_word' id='word_1_145' title='bbox 438 1888 509 1931; x_wconf 90' lang='lat' dir='ltr'>esse</span> <span class='ocrx_word' id='word_1_146' title='bbox 525 1868 625 1941; x_wconf 81' lang='lat' dir='ltr'>solet3</span> <span class='ocrx_word' id='word_1_147' title='bbox 650 1885 779 1929; x_wconf 91' lang='lat' dir='ltr'>morum</span> <span class='ocrx_word' id='word_1_148' title='bbox 803 1885 944 1947; x_wconf 88' lang='lat' dir='ltr'>namque</span> <span class='ocrx_word' id='word_1_149' title='bbox 966 1866 1140 1929; x_wconf 90' lang='lat' dir='ltr'>similitudo</span> <span class='ocrx_word' id='word_1_150' title='bbox 1164 1868 1221 1946; x_wconf 91' lang='lat' dir='ltr'>(uti</span> <span class='ocrx_word' id='word_1_151' title='bbox 1245 1866 1344 1949; x_wconf 78' lang='lat' dir='ltr'>nosti)</span> <span class='ocrx_word' id='word_1_152' title='bbox 1368 1866 1624 1931; x_wconf 87' lang='lat' dir='ltr'>benevolentiam</span> 
     </span>
     <span class='ocr_line' id='line_1_15' title="bbox 168 1970 1624 2057; baseline 0 -23"><span class='ocrx_word' id='word_1_153' title='bbox 168 1977 278 2057; x_wconf 82' lang='lat' dir='ltr'>gignit,</span> <span class='ocrx_word' id='word_1_154' title='bbox 301 1973 527 2035; x_wconf 89' lang='lat' dir='ltr'>dissimilitudo</span> <span class='ocrx_word' id='word_1_155' title='bbox 550 1993 627 2035; x_wconf 90' lang='lat' dir='ltr'>vero</span> <span class='ocrx_word' id='word_1_156' title='bbox 651 1973 772 2035; x_wconf 89' lang='lat' dir='ltr'>odium.</span> <span class='ocrx_word' id='word_1_157' title='bbox 797 1970 830 2035; x_wconf 86' lang='lat' dir='ltr'>Si</span> <span class='ocrx_word' id='word_1_158' title='bbox 847 1990 912 2032; x_wconf 92' lang='lat' dir='ltr'>non</span> <span class='ocrx_word' id='word_1_159' title='bbox 929 1971 1106 2051; x_wconf 90' lang='lat' dir='ltr'>aliquando</span> <span class='ocrx_word' id='word_1_160' title='bbox 1129 1974 1226 2033; x_wconf 92' lang='lat' dir='ltr'>vitam</span> <span class='ocrx_word' id='word_1_161' title='bbox 1243 1971 1370 2035; x_wconf 91' lang='lat' dir='ltr'>illorum</span> <span class='ocrx_word' id='word_1_162' title='bbox 1387 1972 1549 2052; x_wconf 90' lang='lat' dir='ltr'>hypocrisi</span> <span class='ocrx_word' id='word_1_163' title='bbox 1565 1991 1624 2034; x_wconf 92' lang='lat' dir='ltr'>ceu</span> 
     </span>
     <span class='ocr_line' id='line_1_16' title="bbox 170 2074 1665 2158; baseline 0.001 -19"><span class='ocrx_word' id='word_1_164' title='bbox 170 2078 268 2158; x_wconf 89' lang='lat' dir='ltr'>pallio</span> <span class='ocrx_word' id='word_1_165' title='bbox 298 2089 415 2141; x_wconf 87' lang='lat' dir='ltr'>tectam</span> <span class='ocrx_word' id='word_1_166' title='bbox 449 2089 484 2140; x_wconf 91' lang='lat' dir='ltr'>ut</span> <span class='ocrx_word' id='word_1_167' title='bbox 515 2077 629 2157; x_wconf 90' lang='lat' dir='ltr'>aliquis</span> <span class='ocrx_word' id='word_1_168' title='bbox 662 2074 795 2156; x_wconf 88' lang='lat' dir='ltr'>Apelles</span> <span class='ocrx_word' id='word_1_169' title='bbox 829 2076 871 2138; x_wconf 90' lang='lat' dir='ltr'>ad</span> <span class='ocrx_word' id='word_1_170' title='bbox 903 2078 1057 2138; x_wconf 90' lang='lat' dir='ltr'>amussim</span> <span class='ocrx_word' id='word_1_171' title='bbox 1091 2076 1329 2158; x_wconf 88' lang='lat' dir='ltr'>depinxisses,¹)</span> <span class='ocrx_word' id='word_1_172' title='bbox 1364 2088 1396 2139; x_wconf 92' lang='lat' dir='ltr'>et</span> <span class='ocrx_word' id='word_1_173' title='bbox 1430 2075 1625 2140; x_wconf 88' lang='lat' dir='ltr'>Antisilenos</span> <span class='ocrx_word' id='word_1_174' title='bbox 1641 2090 1665 2131; x_wconf 77' lang='lat'>15</span> 
     </span>
     <span class='ocr_line' id='line_1_17' title="bbox 169 2180 1625 2263; baseline -0.003 -17"><span class='ocrx_word' id='word_1_175' title='bbox 169 2182 427 2262; x_wconf 90' lang='lat' dir='ltr'>Gnathonesque</span> <span class='ocrx_word' id='word_1_176' title='bbox 458 2183 690 2261; x_wconf 88' lang='lat' dir='ltr'>probatissimis</span> <span class='ocrx_word' id='word_1_177' title='bbox 722 2182 917 2263; x_wconf 87' lang='lat' dir='ltr'>argumentis</span> <span class='ocrx_word' id='word_1_178' title='bbox 948 2180 1215 2256; x_wconf 89' lang='lat' dir='ltr'>demonstrasses,</span> <span class='ocrx_word' id='word_1_179' title='bbox 1244 2184 1269 2244; x_wconf 90' lang='lat' dir='ltr'>si</span> <span class='ocrx_word' id='word_1_180' title='bbox 1293 2181 1480 2243; x_wconf 89' lang='lat' dir='ltr'>traditiones</span> <span class='ocrx_word' id='word_1_181' title='bbox 1503 2180 1625 2243; x_wconf 89' lang='lat' dir='ltr'>divinas</span> 
     </span>
     <span class='ocr_line' id='line_1_18' title="bbox 169 2283 1626 2367; baseline 0 -19"><span class='ocrx_word' id='word_1_182' title='bbox 169 2288 365 2366; x_wconf 89' lang='lat' dir='ltr'>posthabere</span> <span class='ocrx_word' id='word_1_183' title='bbox 380 2296 411 2348; x_wconf 90' lang='lat' dir='ltr'>et</span> <span class='ocrx_word' id='word_1_184' title='bbox 428 2287 562 2347; x_wconf 89' lang='lat' dir='ltr'>inventis</span> <span class='ocrx_word' id='word_1_185' title='bbox 578 2285 728 2346; x_wconf 91' lang='lat' dir='ltr'>humanis</span> <span class='ocrx_word' id='word_1_186' title='bbox 751 2283 929 2364; x_wconf 91' lang='lat' dir='ltr'>literaeque</span> <span class='ocrx_word' id='word_1_187' title='bbox 952 2285 1152 2348; x_wconf 79' lang='lat' dir='ltr'>interfectrici</span> <span class='ocrx_word' id='word_1_188' title='bbox 1175 2295 1207 2348; x_wconf 90' lang='lat' dir='ltr'>et</span> <span class='ocrx_word' id='word_1_189' title='bbox 1230 2305 1295 2347; x_wconf 91' lang='lat' dir='ltr'>non</span> <span class='ocrx_word' id='word_1_190' title='bbox 1312 2287 1434 2367; x_wconf 91' lang='lat' dir='ltr'>spiritui</span> <span class='ocrx_word' id='word_1_191' title='bbox 1450 2285 1626 2348; x_wconf 88' lang='lat' dir='ltr'>adhaerere</span> 
     </span>
     <span class='ocr_line' id='line_1_19' title="bbox 169 2388 1626 2471; baseline 0.001 -20"><span class='ocrx_word' id='word_1_192' title='bbox 169 2392 383 2471; x_wconf 88' lang='lat' dir='ltr'>probavisses,</span> <span class='ocrx_word' id='word_1_193' title='bbox 407 2392 528 2451; x_wconf 88' lang='lat' dir='ltr'>amicus</span> <span class='ocrx_word' id='word_1_194' title='bbox 551 2401 582 2451; x_wconf 95' lang='lat' dir='ltr'>et</span> <span class='ocrx_word' id='word_1_195' title='bbox 605 2390 701 2451; x_wconf 91' lang='lat' dir='ltr'>frater</span> <span class='ocrx_word' id='word_1_196' title='bbox 716 2389 920 2451; x_wconf 89' lang='lat' dir='ltr'>charissimus</span> <span class='ocrx_word' id='word_1_197' title='bbox 942 2408 1039 2450; x_wconf 86' lang='lat' dir='ltr'>esses.</span> <span class='ocrx_word' id='word_1_198' title='bbox 1063 2388 1146 2450; x_wconf 90' lang='lat' dir='ltr'>Nam</span> <span class='ocrx_word' id='word_1_199' title='bbox 1170 2408 1244 2451; x_wconf 92' lang='lat' dir='ltr'>cum</span> <span class='ocrx_word' id='word_1_200' title='bbox 1261 2391 1375 2451; x_wconf 89' lang='lat' dir='ltr'>veritas</span> <span class='ocrx_word' id='word_1_201' title='bbox 1390 2388 1474 2451; x_wconf 91' lang='lat' dir='ltr'>male</span> <span class='ocrx_word' id='word_1_202' title='bbox 1489 2392 1626 2453; x_wconf 89' lang='lat' dir='ltr'>consciis</span> 
     </span>
     <span class='ocr_line' id='line_1_20' title="bbox 170 2493 1626 2574; baseline -0.001 -18"><span class='ocrx_word' id='word_1_203' title='bbox 170 2495 282 2558; x_wconf 90' lang='lat' dir='ltr'>auditu</span> <span class='ocrx_word' id='word_1_204' title='bbox 312 2493 491 2557; x_wconf 89' lang='lat' dir='ltr'>admodum</span> <span class='ocrx_word' id='word_1_205' title='bbox 519 2493 655 2556; x_wconf 91' lang='lat' dir='ltr'>molesta</span> <span class='ocrx_word' id='word_1_206' title='bbox 685 2505 717 2555; x_wconf 91' lang='lat' dir='ltr'>et</span> <span class='ocrx_word' id='word_1_207' title='bbox 747 2512 857 2555; x_wconf 89' lang='lat' dir='ltr'>amara</span> <span class='ocrx_word' id='word_1_208' title='bbox 886 2504 943 2565; x_wconf 89' lang='lat' dir='ltr'>est,</span> <span class='ocrx_word' id='word_1_209' title='bbox 975 2512 1035 2554; x_wconf 87' lang='lat' dir='ltr'>nec</span> <span class='ocrx_word' id='word_1_210' title='bbox 1059 2493 1144 2555; x_wconf 90' lang='lat' dir='ltr'>aliud</span> <span class='ocrx_word' id='word_1_211' title='bbox 1169 2512 1266 2573; x_wconf 93' lang='lat' dir='ltr'>quam</span> <span class='ocrx_word' id='word_1_212' title='bbox 1290 2498 1339 2569; x_wconf 92' lang='lat' dir='ltr'>(ut</span> <span class='ocrx_word' id='word_1_213' title='bbox 1362 2496 1504 2557; x_wconf 89' lang='lat' dir='ltr'>comicus</span> <span class='ocrx_word' id='word_1_214' title='bbox 1527 2504 1626 2574; x_wconf 71' lang='lat' dir='ltr'>poeta</span> 
     </span>
     <span class='ocr_line' id='line_1_21' title="bbox 170 2597 1664 2679; baseline -0.001 -19"><span class='ocrx_word' id='word_1_215' title='bbox 170 2598 286 2679; x_wconf 88' lang='lat' dir='ltr'>inquit)</span> <span class='ocrx_word' id='word_1_216' title='bbox 317 2599 429 2661; x_wconf 92' lang='lat' dir='ltr'>odium</span> <span class='ocrx_word' id='word_1_217' title='bbox 453 2601 542 2678; x_wconf 88' lang='lat' dir='ltr'>parit,</span> <span class='ocrx_word' id='word_1_218' title='bbox 566 2597 642 2660; x_wconf 90' lang='lat' dir='ltr'>inde</span> <span class='ocrx_word' id='word_1_219' title='bbox 665 2598 727 2659; x_wconf 91' lang='lat' dir='ltr'>hae</span> <span class='ocrx_word' id='word_1_220' title='bbox 750 2599 930 2660; x_wconf 91' lang='lat' dir='ltr'>inimicitiae</span> <span class='ocrx_word' id='word_1_221' title='bbox 954 2608 985 2659; x_wconf 93' lang='lat' dir='ltr'>et</span> <span class='ocrx_word' id='word_1_222' title='bbox 1009 2597 1186 2660; x_wconf 91' lang='lat' dir='ltr'>simultates</span> <span class='ocrx_word' id='word_1_223' title='bbox 1213 2617 1273 2660; x_wconf 94' lang='lat' dir='ltr'>ceu</span> <span class='ocrx_word' id='word_1_224' title='bbox 1295 2617 1314 2658; x_wconf 90' lang='lat' dir='ltr'>e</span> <span class='ocrx_word' id='word_1_225' title='bbox 1338 2598 1533 2677; x_wconf 91' lang='lat' dir='ltr'>quibusdam</span> <span class='ocrx_word' id='word_1_226' title='bbox 1557 2608 1664 2659; x_wconf 72' lang='lat' dir='ltr'>sca-2⁰</span> 
     </span>
     <span class='ocr_line' id='line_1_22' title="bbox 171 2701 1626 2783; baseline -0.003 -16"><span class='ocrx_word' id='word_1_227' title='bbox 171 2705 273 2767; x_wconf 89' lang='lat' dir='ltr'>tebris</span> <span class='ocrx_word' id='word_1_228' title='bbox 289 2704 412 2766; x_wconf 90' lang='lat' dir='ltr'>liventis</span> <span class='ocrx_word' id='word_1_229' title='bbox 428 2705 524 2766; x_wconf 92' lang='lat' dir='ltr'>animi</span> <span class='ocrx_word' id='word_1_230' title='bbox 540 2709 723 2783; x_wconf 89' lang='lat' dir='ltr'>erumpunt.</span> <span class='ocrx_word' id='word_1_231' title='bbox 748 2702 814 2767; x_wconf 90' lang='lat' dir='ltr'>Sed</span> <span class='ocrx_word' id='word_1_232' title='bbox 839 2713 981 2782; x_wconf 89' lang='lat' dir='ltr'>praestat</span> <span class='ocrx_word' id='word_1_233' title='bbox 996 2702 1106 2765; x_wconf 90' lang='lat' dir='ltr'>talium</span> <span class='ocrx_word' id='word_1_234' title='bbox 1124 2703 1262 2764; x_wconf 87' lang='lat' dir='ltr'>fucatam</span> <span class='ocrx_word' id='word_1_235' title='bbox 1281 2712 1312 2765; x_wconf 92' lang='lat' dir='ltr'>et</span> <span class='ocrx_word' id='word_1_236' title='bbox 1327 2701 1528 2765; x_wconf 86' lang='lat' dir='ltr'>inefficacem</span> <span class='ocrx_word' id='word_1_237' title='bbox 1544 2703 1626 2765; x_wconf 90' lang='lat' dir='ltr'>ami-</span> 
     </span>
     <span class='ocr_line' id='line_1_23' title="bbox 168 2807 1623 2890; baseline -0.001 -20"><span class='ocrx_word' id='word_1_238' title='bbox 168 2809 277 2871; x_wconf 90' lang='lat' dir='ltr'>citiam</span> <span class='ocrx_word' id='word_1_239' title='bbox 300 2808 395 2890; x_wconf 90' lang='lat' dir='ltr'>longe</span> <span class='ocrx_word' id='word_1_240' title='bbox 418 2809 542 2869; x_wconf 89' lang='lat' dir='ltr'>abicere</span> <span class='ocrx_word' id='word_1_241' title='bbox 565 2817 597 2870; x_wconf 92' lang='lat' dir='ltr'>et</span> <span class='ocrx_word' id='word_1_242' title='bbox 620 2818 830 2870; x_wconf 87' lang='lat' dir='ltr'>contemnere</span> <span class='ocrx_word' id='word_1_243' title='bbox 853 2826 952 2888; x_wconf 91' lang='lat' dir='ltr'>quam</span> <span class='ocrx_word' id='word_1_244' title='bbox 969 2809 997 2868; x_wconf 93' lang='lat' dir='ltr'>ei</span> <span class='ocrx_word' id='word_1_245' title='bbox 1013 2808 1143 2869; x_wconf 91' lang='lat' dir='ltr'>veritate</span> <span class='ocrx_word' id='word_1_246' title='bbox 1165 2819 1291 2869; x_wconf 88' lang='lat' dir='ltr'>remota</span> <span class='ocrx_word' id='word_1_247' title='bbox 1314 2809 1449 2886; x_wconf 88' lang='lat' dir='ltr'>turpiter</span> <span class='ocrx_word' id='word_1_248' title='bbox 1472 2807 1623 2879; x_wconf 88' lang='lat' dir='ltr'>blandiri;</span> 
     </span>
     <span class='ocr_line' id='line_1_24' title="bbox 168 2911 1625 2991; baseline -0.001 -17"><span class='ocrx_word' id='word_1_249' title='bbox 168 2924 294 2975; x_wconf 91' lang='lat' dir='ltr'>certum</span> <span class='ocrx_word' id='word_1_250' title='bbox 316 2923 365 2973; x_wconf 92' lang='lat' dir='ltr'>est</span> <span class='ocrx_word' id='word_1_251' title='bbox 388 2914 482 2985; x_wconf 91' lang='lat' dir='ltr'>enim,</span> <span class='ocrx_word' id='word_1_252' title='bbox 506 2912 595 2991; x_wconf 92' lang='lat' dir='ltr'>quod</span> <span class='ocrx_word' id='word_1_253' title='bbox 619 2911 734 2974; x_wconf 89' lang='lat' dir='ltr'>nullius</span> <span class='ocrx_word' id='word_1_254' title='bbox 757 2914 820 2972; x_wconf 88' lang='lat' dir='ltr'>vita</span> <span class='ocrx_word' id='word_1_255' title='bbox 844 2913 911 2972; x_wconf 90' lang='lat' dir='ltr'>sine</span> <span class='ocrx_word' id='word_1_256' title='bbox 935 2912 1040 2991; x_wconf 89' lang='lat' dir='ltr'>aliqua</span> <span class='ocrx_word' id='word_1_257' title='bbox 1063 2912 1315 2991; x_wconf 89' lang='lat' dir='ltr'>reprehensione</span> <span class='ocrx_word' id='word_1_258' title='bbox 1338 2913 1483 2974; x_wconf 90' lang='lat' dir='ltr'>cucurrit.</span> <span class='ocrx_word' id='word_1_259' title='bbox 1530 2911 1625 2973; x_wconf 89' lang='lat' dir='ltr'>lnno·</span> 
     </span>
     <span class='ocr_line' id='line_1_25' title="bbox 170 3012 1625 3097; baseline -0.001 -20"><span class='ocrx_word' id='word_1_260' title='bbox 170 3035 270 3078; x_wconf 91' lang='lat' dir='ltr'>cuum</span> <span class='ocrx_word' id='word_1_261' title='bbox 293 3026 404 3078; x_wconf 91' lang='lat' dir='ltr'>tamen</span> <span class='ocrx_word' id='word_1_262' title='bbox 427 3026 459 3078; x_wconf 94' lang='lat' dir='ltr'>et</span> <span class='ocrx_word' id='word_1_263' title='bbox 483 3016 608 3095; x_wconf 87' lang='lat' dir='ltr'>absque</span> <span class='ocrx_word' id='word_1_264' title='bbox 631 3015 743 3077; x_wconf 89' lang='lat' dir='ltr'>aculeo</span> <span class='ocrx_word' id='word_1_265' title='bbox 766 3015 872 3077; x_wconf 91' lang='lat' dir='ltr'>stilum</span> <span class='ocrx_word' id='word_1_266' title='bbox 898 3026 988 3077; x_wconf 92' lang='lat' dir='ltr'>tuum</span> <span class='ocrx_word' id='word_1_267' title='bbox 1014 3035 1085 3078; x_wconf 90' lang='lat' dir='ltr'>esse</span> <span class='ocrx_word' id='word_1_268' title='bbox 1108 3019 1179 3095; x_wconf 92' lang='lat' dir='ltr'>quis</span> <span class='ocrx_word' id='word_1_269' title='bbox 1202 3015 1347 3097; x_wconf 89' lang='lat' dir='ltr'>ignorat?</span> <span class='ocrx_word' id='word_1_270' title='bbox 1369 3012 1451 3077; x_wconf 86' lang='lat' dir='ltr'>Cum</span> <span class='ocrx_word' id='word_1_271' title='bbox 1467 3017 1541 3078; x_wconf 89' lang='lat' dir='ltr'>vitia</span> <span class='ocrx_word' id='word_1_272' title='bbox 1556 3016 1625 3077; x_wconf 92' lang='lat' dir='ltr'>sola</span> 
     </span>
    </p>
   </div>
   <div class='ocr_carea' id='block_1_3' title="bbox 168 3223 1667 5085">
    <p class='ocr_par' dir='ltr' id='par_1_3' title="bbox 168 3223 1667 5085">
     <span class='ocr_line' id='line_1_26' title="bbox 171 3223 1626 3306; baseline 0.001 -20"><span class='ocrx_word' id='word_1_273' title='bbox 171 3243 362 3286; x_wconf 88' lang='lat' dir='ltr'>succensere</span> <span class='ocrx_word' id='word_1_274' title='bbox 385 3227 501 3306; x_wconf 88' lang='lat' dir='ltr'>poterit</span> <span class='ocrx_word' id='word_1_275' title='bbox 524 3226 582 3286; x_wconf 93' lang='lat' dir='ltr'>nisi</span> <span class='ocrx_word' id='word_1_276' title='bbox 605 3224 663 3300; x_wconf 91' lang='lat' dir='ltr'>ille,</span> <span class='ocrx_word' id='word_1_277' title='bbox 693 3226 748 3305; x_wconf 95' lang='lat' dir='ltr'>qui</span> <span class='ocrx_word' id='word_1_278' title='bbox 772 3224 830 3285; x_wconf 93' lang='lat' dir='ltr'>sibi</span> <span class='ocrx_word' id='word_1_279' title='bbox 855 3223 939 3285; x_wconf 90' lang='lat' dir='ltr'>male</span> <span class='ocrx_word' id='word_1_280' title='bbox 961 3225 1110 3286; x_wconf 90' lang='lat' dir='ltr'>conscius</span> <span class='ocrx_word' id='word_1_281' title='bbox 1132 3223 1174 3284; x_wconf 91' lang='lat' dir='ltr'>de</span> <span class='ocrx_word' id='word_1_282' title='bbox 1197 3243 1233 3285; x_wconf 91' lang='lat' dir='ltr'>se</span> <span class='ocrx_word' id='word_1_283' title='bbox 1255 3226 1316 3286; x_wconf 88' lang='lat' dir='ltr'>ista</span> <span class='ocrx_word' id='word_1_284' title='bbox 1338 3223 1514 3305; x_wconf 87' lang='lat' dir='ltr'>intelligere</span> <span class='ocrx_word' id='word_1_285' title='bbox 1535 3225 1626 3286; x_wconf 83' lang='lat' dir='ltr'>velit?</span> 
     </span>
     <span class='ocr_line' id='line_1_27' title="bbox 170 3327 1625 3411; baseline 0.001 -21"><span class='ocrx_word' id='word_1_286' title='bbox 170 3327 215 3391; x_wconf 88' lang='lat' dir='ltr'>Et</span> <span class='ocrx_word' id='word_1_287' title='bbox 238 3328 298 3390; x_wconf 91' lang='lat' dir='ltr'>hac</span> <span class='ocrx_word' id='word_1_288' title='bbox 320 3348 417 3391; x_wconf 88' lang='lat' dir='ltr'>causa</span> <span class='ocrx_word' id='word_1_289' title='bbox 442 3331 563 3391; x_wconf 90' lang='lat' dir='ltr'>maiore</span> <span class='ocrx_word' id='word_1_290' title='bbox 587 3330 682 3391; x_wconf 91' lang='lat' dir='ltr'>laude</span> <span class='ocrx_word' id='word_1_291' title='bbox 706 3329 821 3411; x_wconf 90' lang='lat' dir='ltr'>dignus</span> <span class='ocrx_word' id='word_1_292' title='bbox 845 3347 888 3404; x_wconf 93' lang='lat' dir='ltr'>es,</span> <span class='ocrx_word' id='word_1_293' title='bbox 911 3328 1001 3408; x_wconf 91' lang='lat' dir='ltr'>quod</span> <span class='ocrx_word' id='word_1_294' title='bbox 1024 3330 1120 3389; x_wconf 91' lang='lat' dir='ltr'>animi</span> <span class='ocrx_word' id='word_1_295' title='bbox 1142 3330 1385 3390; x_wconf 88' lang='lat' dir='ltr'>sanctimoniam</span> <span class='ocrx_word' id='word_1_296' title='bbox 1408 3340 1440 3391; x_wconf 90' lang='lat' dir='ltr'>et</span> <span class='ocrx_word' id='word_1_297' title='bbox 1457 3331 1539 3390; x_wconf 92' lang='lat' dir='ltr'>vitae</span> <span class='ocrx_word' id='word_1_298' title='bbox 1561 3331 1625 3391; x_wconf 93' lang='lat' dir='ltr'>sin-</span> 
     </span>
     <span class='ocr_line' id='line_1_28' title="bbox 170 3431 1626 3512; baseline 0.002 -18"><span class='ocrx_word' id='word_1_299' title='bbox 170 3435 339 3494; x_wconf 87' lang='lat' dir='ltr'>ceritatem</span> <span class='ocrx_word' id='word_1_300' title='bbox 363 3452 437 3495; x_wconf 93' lang='lat' dir='ltr'>cum</span> <span class='ocrx_word' id='word_1_301' title='bbox 461 3432 607 3495; x_wconf 91' lang='lat' dir='ltr'>doctrina</span> <span class='ocrx_word' id='word_1_302' title='bbox 630 3444 662 3496; x_wconf 90' lang='lat' dir='ltr'>et</span> <span class='ocrx_word' id='word_1_303' title='bbox 685 3435 839 3512; x_wconf 88' lang='lat' dir='ltr'>sapientia</span> <span class='ocrx_word' id='word_1_304' title='bbox 862 3434 1063 3508; x_wconf 90' lang='lat' dir='ltr'>coniunxisti,</span> <span class='ocrx_word' id='word_1_305' title='bbox 1094 3431 1165 3495; x_wconf 90' lang='lat' dir='ltr'>luce</span> <span class='ocrx_word' id='word_1_306' title='bbox 1192 3442 1248 3496; x_wconf 91' lang='lat' dir='ltr'>tua</span> <span class='ocrx_word' id='word_1_307' title='bbox 1270 3433 1338 3495; x_wconf 90' lang='lat' dir='ltr'>aliis</span> <span class='ocrx_word' id='word_1_308' title='bbox 1361 3431 1464 3494; x_wconf 92' lang='lat' dir='ltr'>lucem</span> <span class='ocrx_word' id='word_1_309' title='bbox 1488 3432 1626 3496; x_wconf 84' lang='lat' dir='ltr'>afferens</span> 
     </span>
     <span class='ocr_line' id='line_1_29' title="bbox 170 3536 1626 3619; baseline 0.003 -22"><span class='ocrx_word' id='word_1_310' title='bbox 170 3537 386 3619; x_wconf 84' lang='lat' dir='ltr'>legendoque,</span> <span class='ocrx_word' id='word_1_311' title='bbox 414 3537 595 3615; x_wconf 89' lang='lat' dir='ltr'>scribendo,</span> <span class='ocrx_word' id='word_1_312' title='bbox 623 3537 818 3600; x_wconf 88' lang='lat' dir='ltr'>declarando</span> <span class='ocrx_word' id='word_1_313' title='bbox 847 3549 877 3599; x_wconf 91' lang='lat' dir='ltr'>et</span> <span class='ocrx_word' id='word_1_314' title='bbox 908 3536 1104 3600; x_wconf 91' lang='lat' dir='ltr'>instituendo</span> <span class='ocrx_word' id='word_1_315' title='bbox 1136 3538 1257 3601; x_wconf 90' lang='lat' dir='ltr'>fruetus</span> <span class='ocrx_word' id='word_1_316' title='bbox 1287 3539 1443 3600; x_wconf 91' lang='lat' dir='ltr'>hacteuus</span> <span class='ocrx_word' id='word_1_317' title='bbox 1474 3539 1626 3602; x_wconf 92' lang='lat' dir='ltr'>omnibus</span> 
     </span>
     <span class='ocr_line' id='line_1_30' title="bbox 170 3640 1667 3723; baseline 0.003 -21"><span class='ocrx_word' id='word_1_318' title='bbox 170 3642 362 3723; x_wconf 90' lang='lat' dir='ltr'>producens.</span> <span class='ocrx_word' id='word_1_319' title='bbox 386 3640 451 3705; x_wconf 90' lang='lat' dir='ltr'>Sed</span> <span class='ocrx_word' id='word_1_320' title='bbox 474 3642 551 3703; x_wconf 93' lang='lat' dir='ltr'>nolo</span> <span class='ocrx_word' id='word_1_321' title='bbox 575 3642 616 3703; x_wconf 92' lang='lat' dir='ltr'>de</span> <span class='ocrx_word' id='word_1_322' title='bbox 639 3642 687 3704; x_wconf 87' lang='lat' dir='ltr'>his</span> <span class='ocrx_word' id='word_1_323' title='bbox 710 3642 801 3721; x_wconf 90' lang='lat' dir='ltr'>plura</span> <span class='ocrx_word' id='word_1_324' title='bbox 818 3642 965 3720; x_wconf 85' lang='lat' dir='ltr'>scribere,</span> <span class='ocrx_word' id='word_1_325' title='bbox 990 3662 1030 3703; x_wconf 91' lang='lat' dir='ltr'>ne</span> <span class='ocrx_word' id='word_1_326' title='bbox 1053 3643 1162 3706; x_wconf 89' lang='lat' dir='ltr'>videar</span> <span class='ocrx_word' id='word_1_327' title='bbox 1185 3645 1319 3705; x_wconf 89' lang='lat' dir='ltr'>eximias</span> <span class='ocrx_word' id='word_1_328' title='bbox 1341 3646 1472 3706; x_wconf 91' lang='lat' dir='ltr'>virtutes</span> <span class='ocrx_word' id='word_1_329' title='bbox 1495 3654 1527 3706; x_wconf 92' lang='lat' dir='ltr'>et</span> <span class='ocrx_word' id='word_1_330' title='bbox 1549 3644 1667 3707; x_wconf 83' lang='lat' dir='ltr'>doc-³⁰</span> 
     </span>
     <span class='ocr_line' id='line_1_31' title="bbox 168 3748 1626 3827; baseline 0.003 -20"><span class='ocrx_word' id='word_1_331' title='bbox 168 3749 287 3808; x_wconf 87' lang='lat' dir='ltr'>trinam</span> <span class='ocrx_word' id='word_1_332' title='bbox 318 3755 409 3809; x_wconf 90' lang='lat' dir='ltr'>tuam</span> <span class='ocrx_word' id='word_1_333' title='bbox 441 3749 604 3827; x_wconf 88' lang='lat' dir='ltr'>vitamque</span> <span class='ocrx_word' id='word_1_334' title='bbox 635 3749 807 3808; x_wconf 91' lang='lat' dir='ltr'>innocuam</span> <span class='ocrx_word' id='word_1_335' title='bbox 847 3749 991 3808; x_wconf 90' lang='lat' dir='ltr'>oratione</span> <span class='ocrx_word' id='word_1_336' title='bbox 1021 3766 1093 3809; x_wconf 91' lang='lat' dir='ltr'>mea</span> <span class='ocrx_word' id='word_1_337' title='bbox 1115 3748 1211 3810; x_wconf 94' lang='lat' dir='ltr'>sterili</span> <span class='ocrx_word' id='word_1_338' title='bbox 1243 3758 1275 3811; x_wconf 91' lang='lat' dir='ltr'>et</span> <span class='ocrx_word' id='word_1_339' title='bbox 1305 3749 1411 3812; x_wconf 91' lang='lat' dir='ltr'>ieiuna</span> <span class='ocrx_word' id='word_1_340' title='bbox 1433 3751 1514 3813; x_wconf 88' lang='lat' dir='ltr'>velle</span> <span class='ocrx_word' id='word_1_341' title='bbox 1537 3769 1626 3812; x_wconf 88' lang='lat' dir='ltr'>corn-</span> 
     </span>
     <span class='ocr_line' id='line_1_32' title="bbox 170 3850 1625 3933; baseline 0.002 -21"><span class='ocrx_word' id='word_1_342' title='bbox 170 3850 372 3931; x_wconf 91' lang='lat' dir='ltr'>prehendere</span> <span class='ocrx_word' id='word_1_343' title='bbox 404 3862 436 3915; x_wconf 90' lang='lat' dir='ltr'>et</span> <span class='ocrx_word' id='word_1_344' title='bbox 466 3851 596 3912; x_wconf 87' lang='lat' dir='ltr'>clariora</span> <span class='ocrx_word' id='word_1_345' title='bbox 626 3850 777 3919; x_wconf 85' lang='lat' dir='ltr'>reddere,</span> <span class='ocrx_word' id='word_1_346' title='bbox 809 3870 883 3912; x_wconf 92' lang='lat' dir='ltr'>cum</span> <span class='ocrx_word' id='word_1_347' title='bbox 905 3852 968 3914; x_wconf 90' lang='lat' dir='ltr'>hoc</span> <span class='ocrx_word' id='word_1_348' title='bbox 991 3852 1077 3914; x_wconf 91' lang='lat' dir='ltr'>aliud</span> <span class='ocrx_word' id='word_1_349' title='bbox 1102 3851 1178 3914; x_wconf 91' lang='lat' dir='ltr'>nihil</span> <span class='ocrx_word' id='word_1_350' title='bbox 1201 3864 1285 3914; x_wconf 91' lang='lat' dir='ltr'>esset</span> <span class='ocrx_word' id='word_1_351' title='bbox 1312 3872 1409 3933; x_wconf 92' lang='lat' dir='ltr'>quam</span> <span class='ocrx_word' id='word_1_352' title='bbox 1433 3855 1493 3918; x_wconf 94' lang='lat' dir='ltr'>soli</span> <span class='ocrx_word' id='word_1_353' title='bbox 1516 3855 1625 3917; x_wconf 90' lang='lat' dir='ltr'>lumen</span> 
     </span>
     <span class='ocr_line' id='line_1_33' title="bbox 169 3953 1627 4038; baseline 0.004 -23"><span class='ocrx_word' id='word_1_354' title='bbox 169 3966 205 4016; x_wconf 92' lang='lat' dir='ltr'>et</span> <span class='ocrx_word' id='word_1_355' title='bbox 228 3958 306 4017; x_wconf 88' lang='lat' dir='ltr'>mari</span> <span class='ocrx_word' id='word_1_356' title='bbox 330 3975 431 4035; x_wconf 91' lang='lat' dir='ltr'>aquas</span> <span class='ocrx_word' id='word_1_357' title='bbox 454 3954 582 4016; x_wconf 90' lang='lat' dir='ltr'>addere.</span> <span class='ocrx_word' id='word_1_358' title='bbox 620 3954 866 4017; x_wconf 88' lang='lat' dir='ltr'>Testamentum</span> <span class='ocrx_word' id='word_1_359' title='bbox 890 3953 1029 4031; x_wconf 91' lang='lat' dir='ltr'>Novum,</span> <span class='ocrx_word' id='word_1_360' title='bbox 1053 3956 1141 4036; x_wconf 91' lang='lat' dir='ltr'>quod</span> <span class='ocrx_word' id='word_1_361' title='bbox 1165 3957 1339 4020; x_wconf 90' lang='lat' dir='ltr'>multorum</span> <span class='ocrx_word' id='word_1_362' title='bbox 1363 3970 1513 4023; x_wconf 89' lang='lat' dir='ltr'>autorum</span> <span class='ocrx_word' id='word_1_363' title='bbox 1537 3980 1627 4038; x_wconf 91' lang='lat' dir='ltr'>prae-</span> 
     </span>
     <span class='ocr_line' id='line_1_34' title="bbox 169 4057 1626 4141; baseline 0.003 -21"><span class='ocrx_word' id='word_1_364' title='bbox 169 4057 265 4120; x_wconf 91' lang='lat' dir='ltr'>claris</span> <span class='ocrx_word' id='word_1_365' title='bbox 287 4060 453 4122; x_wconf 90' lang='lat' dir='ltr'>sententiis</span> <span class='ocrx_word' id='word_1_366' title='bbox 476 4061 604 4141; x_wconf 88' lang='lat' dir='ltr'>egregie</span> <span class='ocrx_word' id='word_1_367' title='bbox 627 4080 664 4122; x_wconf 92' lang='lat' dir='ltr'>ac</span> <span class='ocrx_word' id='word_1_368' title='bbox 688 4060 854 4121; x_wconf 88' lang='lat' dir='ltr'>utilissime</span> <span class='ocrx_word' id='word_1_369' title='bbox 884 4059 1093 4139; x_wconf 90' lang='lat' dir='ltr'>locupletasti,</span> <span class='ocrx_word' id='word_1_370' title='bbox 1123 4060 1254 4124; x_wconf 90' lang='lat' dir='ltr'>allatum</span> <span class='ocrx_word' id='word_1_371' title='bbox 1278 4064 1352 4124; x_wconf 90' lang='lat' dir='ltr'>mihi</span> <span class='ocrx_word' id='word_1_372' title='bbox 1376 4074 1424 4126; x_wconf 91' lang='lat' dir='ltr'>est</span> <span class='ocrx_word' id='word_1_373' title='bbox 1448 4083 1522 4127; x_wconf 92' lang='lat' dir='ltr'>cum</span> <span class='ocrx_word' id='word_1_374' title='bbox 1546 4083 1626 4126; x_wconf 91' lang='lat' dir='ltr'>non-</span> 
     </span>
     <span class='ocr_line' id='line_1_35' title="bbox 171 4162 1665 4249; baseline 0.003 -24"><span class='ocrx_word' id='word_1_375' title='bbox 171 4164 267 4226; x_wconf 92' lang='lat' dir='ltr'>nullis</span> <span class='ocrx_word' id='word_1_376' title='bbox 296 4164 363 4225; x_wconf 91' lang='lat' dir='ltr'>aliis</span> <span class='ocrx_word' id='word_1_377' title='bbox 394 4163 556 4243; x_wconf 90' lang='lat' dir='ltr'>opusculis</span> <span class='ocrx_word' id='word_1_378' title='bbox 586 4165 648 4226; x_wconf 92' lang='lat' dir='ltr'>tuis</span> <span class='ocrx_word' id='word_1_379' title='bbox 679 4163 780 4242; x_wconf 88' lang='lat' dir='ltr'>pridie</span> <span class='ocrx_word' id='word_1_380' title='bbox 811 4162 888 4225; x_wconf 89' lang='lat' dir='ltr'>Idus</span> <span class='ocrx_word' id='word_1_381' title='bbox 918 4162 1002 4225; x_wconf 91' lang='lat' dir='ltr'>Maii.</span> <span class='ocrx_word' id='word_1_382' title='bbox 1041 4162 1166 4227; x_wconf 91' lang='lat' dir='ltr'>Omnes</span> <span class='ocrx_word' id='word_1_383' title='bbox 1188 4169 1273 4228; x_wconf 92' lang='lat' dir='ltr'>enim</span> <span class='ocrx_word' id='word_1_384' title='bbox 1296 4166 1396 4230; x_wconf 91' lang='lat' dir='ltr'>libros</span> <span class='ocrx_word' id='word_1_385' title='bbox 1420 4179 1502 4246; x_wconf 92' lang='lat' dir='ltr'>tuos,</span> <span class='ocrx_word' id='word_1_386' title='bbox 1529 4178 1665 4249; x_wconf 72' lang='lat' dir='ltr'>quos-³5</span> 
     </span>
     <span class='ocr_line' id='line_1_36' title="bbox 170 4266 1626 4348; baseline 0.003 -19"><span class='ocrx_word' id='word_1_387' title='bbox 170 4286 300 4347; x_wconf 90' lang='lat' dir='ltr'>cunque</span> <span class='ocrx_word' id='word_1_388' title='bbox 330 4269 483 4346; x_wconf 89' lang='lat' dir='ltr'>scripsisti</span> <span class='ocrx_word' id='word_1_389' title='bbox 513 4276 545 4330; x_wconf 93' lang='lat' dir='ltr'>et</span> <span class='ocrx_word' id='word_1_390' title='bbox 569 4267 712 4329; x_wconf 89' lang='lat' dir='ltr'>Basileae</span> <span class='ocrx_word' id='word_1_391' title='bbox 739 4266 853 4348; x_wconf 89' lang='lat' dir='ltr'>Joanni</span> <span class='ocrx_word' id='word_1_392' title='bbox 883 4266 1046 4329; x_wconf 89' lang='lat' dir='ltr'>Frobenio</span> <span class='ocrx_word' id='word_1_393' title='bbox 1076 4269 1143 4331; x_wconf 91' lang='lat' dir='ltr'>viro</span> <span class='ocrx_word' id='word_1_394' title='bbox 1173 4268 1272 4332; x_wconf 90' lang='lat' dir='ltr'>docto</span> <span class='ocrx_word' id='word_1_395' title='bbox 1295 4283 1327 4334; x_wconf 91' lang='lat' dir='ltr'>et</span> <span class='ocrx_word' id='word_1_396' title='bbox 1351 4275 1381 4333; x_wconf 94' lang='lat' dir='ltr'>in</span> <span class='ocrx_word' id='word_1_397' title='bbox 1406 4285 1475 4335; x_wconf 90' lang='lat' dir='ltr'>arte</span> <span class='ocrx_word' id='word_1_398' title='bbox 1502 4271 1626 4335; x_wconf 91' lang='lat' dir='ltr'>chalco·</span> 
     </span>
     <span class='ocr_line' id='line_1_37' title="bbox 171 4371 1626 4458; baseline 0.003 -26"><span class='ocrx_word' id='word_1_399' title='bbox 171 4371 323 4454; x_wconf 90' lang='lat' dir='ltr'>graphica</span> <span class='ocrx_word' id='word_1_400' title='bbox 353 4371 520 4434; x_wconf 90' lang='lat' dir='ltr'>Daedaleo</span> <span class='ocrx_word' id='word_1_401' title='bbox 551 4374 677 4456; x_wconf 88' lang='lat' dir='ltr'>ingenio</span> <span class='ocrx_word' id='word_1_402' title='bbox 709 4371 859 4452; x_wconf 88' lang='lat' dir='ltr'>praedito</span> <span class='ocrx_word' id='word_1_403' title='bbox 890 4373 1121 4453; x_wconf 91' lang='lat' dir='ltr'>imprimendos</span> <span class='ocrx_word' id='word_1_404' title='bbox 1152 4374 1276 4452; x_wconf 93' lang='lat' dir='ltr'>dedisti,</span> <span class='ocrx_word' id='word_1_405' title='bbox 1299 4375 1407 4439; x_wconf 90' lang='lat' dir='ltr'>habeo</span> <span class='ocrx_word' id='word_1_406' title='bbox 1430 4377 1626 4458; x_wconf 82' lang='lat' dir='ltr'>mirificeque</span> 
     </span>
     <span class='ocr_line' id='line_1_38' title="bbox 172 4476 1625 4561; baseline 0.004 -24"><span class='ocrx_word' id='word_1_407' title='bbox 172 4476 309 4540; x_wconf 91' lang='lat' dir='ltr'>lectione</span> <span class='ocrx_word' id='word_1_408' title='bbox 341 4497 453 4539; x_wconf 89' lang='lat' dir='ltr'>corum</span> <span class='ocrx_word' id='word_1_409' title='bbox 486 4477 638 4549; x_wconf 88' lang='lat' dir='ltr'>delector,</span> <span class='ocrx_word' id='word_1_410' title='bbox 668 4478 786 4556; x_wconf 92' lang='lat' dir='ltr'>quibus</span> <span class='ocrx_word' id='word_1_411' title='bbox 808 4479 904 4539; x_wconf 88' lang='lat' dir='ltr'>etiam</span> <span class='ocrx_word' id='word_1_412' title='bbox 933 4496 1052 4561; x_wconf 90' lang='lat' dir='ltr'>magna</span> <span class='ocrx_word' id='word_1_413' title='bbox 1074 4497 1117 4540; x_wconf 90' lang='lat' dir='ltr'>ex</span> <span class='ocrx_word' id='word_1_414' title='bbox 1139 4489 1230 4560; x_wconf 83' lang='lat' dir='ltr'>parte</span> <span class='ocrx_word' id='word_1_415' title='bbox 1257 4480 1487 4544; x_wconf 90' lang='lat' dir='ltr'>bibliothecam</span> <span class='ocrx_word' id='word_1_416' title='bbox 1518 4501 1625 4543; x_wconf 90' lang='lat' dir='ltr'>meam</span> 
     </span>
     <span class='ocr_line' id='line_1_39' title="bbox 174 4580 1626 4669; baseline 0.003 -26"><span class='ocrx_word' id='word_1_417' title='bbox 174 4600 239 4643; x_wconf 90' lang='lat' dir='ltr'>non</span> <span class='ocrx_word' id='word_1_418' title='bbox 262 4582 368 4644; x_wconf 88' lang='lat' dir='ltr'>solum</span> <span class='ocrx_word' id='word_1_419' title='bbox 393 4592 520 4644; x_wconf 89' lang='lat' dir='ltr'>auctam</span> <span class='ocrx_word' id='word_1_420' title='bbox 551 4580 609 4643; x_wconf 89' lang='lat' dir='ltr'>sed</span> <span class='ocrx_word' id='word_1_421' title='bbox 633 4592 665 4643; x_wconf 89' lang='lat' dir='ltr'>et</span> <span class='ocrx_word' id='word_1_422' title='bbox 688 4593 835 4643; x_wconf 89' lang='lat' dir='ltr'>ornatam</span> <span class='ocrx_word' id='word_1_423' title='bbox 866 4581 1000 4643; x_wconf 89' lang='lat' dir='ltr'>reddidi.</span> <span class='ocrx_word' id='word_1_424' title='bbox 1038 4582 1160 4665; x_wconf 89' lang='lat' dir='ltr'>Pragae</span> <span class='ocrx_word' id='word_1_425' title='bbox 1184 4586 1329 4665; x_wconf 92' lang='lat' dir='ltr'>quamvis</span> <span class='ocrx_word' id='word_1_426' title='bbox 1351 4596 1384 4648; x_wconf 92' lang='lat' dir='ltr'>te</span> <span class='ocrx_word' id='word_1_427' title='bbox 1408 4587 1483 4650; x_wconf 91' lang='lat' dir='ltr'>nihil</span> <span class='ocrx_word' id='word_1_428' title='bbox 1506 4588 1626 4669; x_wconf 88' lang='lat' dir='ltr'>negotii</span> 
     </span>
     <span class='ocr_line' id='line_1_40' title="bbox 175 4685 1666 4773; baseline 0.003 -26"><span class='ocrx_word' id='word_1_429' title='bbox 175 4685 294 4747; x_wconf 91' lang='lat' dir='ltr'>habere</span> <span class='ocrx_word' id='word_1_430' title='bbox 317 4705 522 4768; x_wconf 89' lang='lat' dir='ltr'>cognoscam,</span> <span class='ocrx_word' id='word_1_431' title='bbox 546 4686 681 4748; x_wconf 92' lang='lat' dir='ltr'>libenter</span> <span class='ocrx_word' id='word_1_432' title='bbox 705 4693 738 4747; x_wconf 90' lang='lat' dir='ltr'>te</span> <span class='ocrx_word' id='word_1_433' title='bbox 761 4696 868 4747; x_wconf 91' lang='lat' dir='ltr'>tamen</span> <span class='ocrx_word' id='word_1_434' title='bbox 892 4705 966 4747; x_wconf 91' lang='lat' dir='ltr'>cum</span> <span class='ocrx_word' id='word_1_435' title='bbox 991 4687 1098 4748; x_wconf 89' lang='lat' dir='ltr'>multis</span> <span class='ocrx_word' id='word_1_436' title='bbox 1122 4689 1199 4764; x_wconf 87' lang='lat' dir='ltr'>aliis,</span> <span class='ocrx_word' id='word_1_437' title='bbox 1222 4691 1278 4768; x_wconf 94' lang='lat' dir='ltr'>qui</span> <span class='ocrx_word' id='word_1_438' title='bbox 1299 4688 1428 4752; x_wconf 90' lang='lat' dir='ltr'>videndi</span> <span class='ocrx_word' id='word_1_439' title='bbox 1445 4692 1491 4753; x_wconf 93' lang='lat' dir='ltr'>tui</span> <span class='ocrx_word' id='word_1_440' title='bbox 1506 4709 1625 4773; x_wconf 92' lang='lat' dir='ltr'>magno</span> <span class='ocrx_word' id='word_1_441' title='bbox 1639 4703 1666 4745; x_wconf 79' lang='lat'>⁴⁰</span> 
     </span>
     <span class='ocr_line' id='line_1_41' title="bbox 175 4789 1625 4873; baseline 0.003 -22"><span class='ocrx_word' id='word_1_442' title='bbox 175 4789 331 4853; x_wconf 88' lang='lat' dir='ltr'>desiderio</span> <span class='ocrx_word' id='word_1_443' title='bbox 354 4793 552 4865; x_wconf 86' lang='lat' dir='ltr'>tenebantur,</span> <span class='ocrx_word' id='word_1_444' title='bbox 576 4800 608 4851; x_wconf 94' lang='lat' dir='ltr'>et</span> <span class='ocrx_word' id='word_1_445' title='bbox 623 4791 691 4868; x_wconf 90' lang='lat' dir='ltr'>ipse</span> <span class='ocrx_word' id='word_1_446' title='bbox 706 4790 855 4852; x_wconf 88' lang='lat' dir='ltr'>vidissem</span> <span class='ocrx_word' id='word_1_447' title='bbox 871 4793 1174 4873; x_wconf 89' lang='lat' dir='ltr'>convenissemque;</span> <span class='ocrx_word' id='word_1_448' title='bbox 1196 4792 1254 4854; x_wconf 92' lang='lat' dir='ltr'>sed</span> <span class='ocrx_word' id='word_1_449' title='bbox 1269 4813 1344 4856; x_wconf 91' lang='lat' dir='ltr'>cum</span> <span class='ocrx_word' id='word_1_450' title='bbox 1360 4794 1392 4856; x_wconf 93' lang='lat' dir='ltr'>id</span> <span class='ocrx_word' id='word_1_451' title='bbox 1407 4813 1493 4857; x_wconf 90' lang='lat' dir='ltr'>nune</span> <span class='ocrx_word' id='word_1_452' title='bbox 1509 4795 1625 4873; x_wconf 91' lang='lat' dir='ltr'>partim</span> 
     </span>
     <span class='ocr_line' id='line_1_42' title="bbox 177 4895 1625 4978; baseline 0.003 -22"><span class='ocrx_word' id='word_1_453' title='bbox 177 4897 402 4976; x_wconf 89' lang='lat' dir='ltr'>occupationes</span> <span class='ocrx_word' id='word_1_454' title='bbox 432 4905 507 4957; x_wconf 91' lang='lat' dir='ltr'>tuae</span> <span class='ocrx_word' id='word_1_455' title='bbox 537 4895 691 4975; x_wconf 89' lang='lat' dir='ltr'>plurimae</span> <span class='ocrx_word' id='word_1_456' title='bbox 722 4895 838 4974; x_wconf 91' lang='lat' dir='ltr'>partim</span> <span class='ocrx_word' id='word_1_457' title='bbox 867 4913 943 4956; x_wconf 90' lang='lat' dir='ltr'>vero</span> <span class='ocrx_word' id='word_1_458' title='bbox 973 4895 1152 4958; x_wconf 91' lang='lat' dir='ltr'>studiorum</span> <span class='ocrx_word' id='word_1_459' title='bbox 1183 4899 1329 4978; x_wconf 85' lang='lat' dir='ltr'>perpetui</span> <span class='ocrx_word' id='word_1_460' title='bbox 1352 4908 1384 4959; x_wconf 89' lang='lat' dir='ltr'>et</span> <span class='ocrx_word' id='word_1_461' title='bbox 1407 4898 1557 4961; x_wconf 84' lang='lat' dir='ltr'>indefessi</span> <span class='ocrx_word' id='word_1_462' title='bbox 1580 4899 1625 4960; x_wconf 95' lang='lat' dir='ltr'>la-</span> 
     </span>
     <span class='ocr_line' id='line_1_43' title="bbox 175 4998 1626 5085; baseline 0.004 -24"><span class='ocrx_word' id='word_1_463' title='bbox 175 4999 269 5062; x_wconf 88' lang='lat' dir='ltr'>bores</span> <span class='ocrx_word' id='word_1_464' title='bbox 293 5019 358 5063; x_wconf 93' lang='lat' dir='ltr'>non</span> <span class='ocrx_word' id='word_1_465' title='bbox 382 5002 549 5080; x_wconf 89' lang='lat' dir='ltr'>patiantur,</span> <span class='ocrx_word' id='word_1_466' title='bbox 580 5000 749 5079; x_wconf 89' lang='lat' dir='ltr'>oportebit,</span> <span class='ocrx_word' id='word_1_467' title='bbox 779 5009 814 5061; x_wconf 92' lang='lat' dir='ltr'>ut</span> <span class='ocrx_word' id='word_1_468' title='bbox 836 4998 869 5060; x_wconf 94' lang='lat' dir='ltr'>id</span> <span class='ocrx_word' id='word_1_469' title='bbox 892 4999 924 5060; x_wconf 93' lang='lat' dir='ltr'>in</span> <span class='ocrx_word' id='word_1_470' title='bbox 949 5011 1078 5080; x_wconf 89' lang='lat' dir='ltr'>tempus</span> <span class='ocrx_word' id='word_1_471' title='bbox 1108 5001 1194 5063; x_wconf 91' lang='lat' dir='ltr'>aliud</span> <span class='ocrx_word' id='word_1_472' title='bbox 1226 5005 1329 5085; x_wconf 89' lang='lat' dir='ltr'>magis</span> <span class='ocrx_word' id='word_1_473' title='bbox 1351 5014 1570 5084; x_wconf 90' lang='lat' dir='ltr'>opportunum</span> <span class='ocrx_word' id='word_1_474' title='bbox 1594 5015 1626 5067; x_wconf 87' lang='lat' dir='ltr'>et</span> 
     </span>
    </p>
   </div>
   <div class='ocr_carea' id='block_1_4' title="bbox 178 5156 264 5167">
    <p class='ocr_par' dir='ltr' id='par_1_4' title="bbox 178 5156 264 5167">
     <span class='ocr_line' id='line_1_44' title="bbox 178 5156 264 5167; baseline 0 -2"><span class='ocrx_word' id='word_1_475' title='bbox 178 5156 264 5167; x_wconf 61' lang='grc' dir='ltr'>α...-</span> 
     </span>
    </p>
   </div>
   <div class='ocr_carea' id='block_1_5' title="bbox 159 5239 1626 5381">
    <p class='ocr_par' dir='ltr' id='par_1_5' title="bbox 159 5239 1626 5381">
     <span class='ocr_line' id='line_1_45' title="bbox 263 5239 1626 5306; baseline 0.003 -14"><span class='ocrx_word' id='word_1_476' title='bbox 263 5241 279 5306; x_wconf 73' lang='lat' dir='ltr'>¹J</span> <span class='ocrx_word' id='word_1_477' title='bbox 302 5240 400 5294; x_wconf 74' lang='lat' dir='ltr'>Patrue</span> <span class='ocrx_word' id='word_1_478' title='bbox 427 5242 539 5294; x_wconf 79' lang='lat' dir='ltr'>minena</span> <span class='ocrx_word' id='word_1_479' title='bbox 566 5242 616 5293; x_wconf 81' lang='lat' dir='ltr'>ade</span> <span class='ocrx_word' id='word_1_480' title='bbox 642 5239 796 5293; x_wconf 80' lang='lat' dir='ltr'>Erasmova</span> <span class='ocrx_word' id='word_1_481' title='bbox 826 5241 946 5294; x_wconf 71' lang='lat' dir='ltr'>»Chvala</span> <span class='ocrx_word' id='word_1_482' title='bbox 970 5240 1170 5305; x_wconf 71' lang='lat' dir='ltr'>blftznovstvi«,</span> <span class='ocrx_word' id='word_1_483' title='bbox 1198 5261 1215 5295; x_wconf 93' lang='lat' dir='ltr'>v</span> <span class='ocrx_word' id='word_1_484' title='bbox 1238 5244 1282 5296; x_wconf 72' lang='lat' dir='ltr'>nli</span> <span class='ocrx_word' id='word_1_485' title='bbox 1308 5244 1444 5296; x_wconf 72' lang='lat' dir='ltr'>mnisstvo</span> <span class='ocrx_word' id='word_1_486' title='bbox 1471 5244 1626 5297; x_wconf 72' lang='lat' dir='ltr'>zbieovauo</span> 
     </span>
     <span class='ocr_line' id='line_1_46' title="bbox 159 5328 392 5381; baseline 0.017 -6"><span class='ocrx_word' id='word_1_487' title='bbox 159 5328 265 5380; x_wconf 70' lang='lat' dir='ltr'>zvlasl</span> <span class='ocrx_word' id='word_1_488' title='bbox 283 5328 392 5381; x_wconf 74' lang='lat' dir='ltr'>citelne.</span> 
     </span>
    </p>
   </div>
   <div class='ocr_carea' id='block_1_6' title="bbox 0 0 1842 5858">
    <p class='ocr_par' dir='ltr' id='par_1_6' title="bbox 0 0 1842 5858">
     <span class='ocr_line' id='line_1_47' title="bbox 0 0 1842 5858; baseline 0 0"><span class='ocrx_word' id='word_1_489' title='bbox 0 0 1842 5858; x_wconf 95' lang='lat' dir='ltr'> </span> 
     </span>
    </p>
   </div>
  </div>
 </body>
</html>
