3674 5858
482 405 567 458 XVII.
586 404 678 458 Rscek
696 405 768 475 Janu
785 420 800 458 z
819 404 1023 458 Wartenbcrlra
1043 403 1118 457 1501.
1497 404 1530 455 15

70 616 312 681 consuetudine
343 626 378 678 ut
402 625 434 679 te
457 635 588 679 summo
619 636 733 679 amore
763 615 905 700 diligam,
937 616 1122 679 effecerunt.
1155 615 1247 681 Scito
1273 617 1358 680 enim
1388 626 1420 679 te
1451 616 1529 679 mihi

68 722 181 784 adhuc
193 721 356 784 neminem
374 741 481 802 neque
497 721 681 783 chariorem
699 741 807 803 neque
819 720 1047 784 iocundiorem
1060 721 1217 783 extitisse.
1235 719 1398 802 Equidem
1414 741 1529 801 saepe·

69 846 210 889 numero
227 825 317 888 dete
340 827 496 906 cogitans,
519 835 554 887 ut
575 823 743 888 Ciceronis
759 827 867 887 verbis
883 834 968 900 utar,
991 835 1127 887 eventus
1142 824 1294 900 incertos,
1316 833 1529 904 tempestates

70 931 171 992 maris
201 938 301 1011 atque
324 928 495 1009 procellas,
527 929 690 992 humanos
721 949 827 1005 casus,
857 929 979 992 multos
1011 929 1216 992 insidiatores
1239 928 1318 1004 viae,
1349 927 1531 1007 miramque

70 1034 229 1097 Italorum
261 1032 470 1095 calliditatem
502 1053 540 1095 ac
573 1035 750 1097 versutiam
781 1034 1010 1114 perhorresco,
1043 1052 1085 1096 ne
1114 1031 1372 1115 indignissimam
1402 1031 1531 1115 cogaris
1557 1044 1571 1087 5

68 1139 181 1200 subire
204 1137 369 1201 fortunam
416 1137 472 1200 Me
494 1147 604 1200 tamen
629 1158 693 1201 una
717 1138 902 1202 consolatio
934 1147 1105 1214 sustentat,
1134 1146 1192 1199 tua
1214 1136 1338 1199 scilicet
1360 1134 1530 1218 singularis

68 1243 172 1304 virtus
195 1251 293 1323 atque
309 1241 510 1304 incredibilis
533 1241 715 1322 prudentia,
739 1243 795 1323 qui
818 1243 850 1304 in
872 1241 1007 1324 agendis
1023 1240 1123 1303 rebus
1145 1250 1277 1320 tempus
1299 1258 1532 1320 summamque

68 1345 210 1408 adhibes
232 1344 440 1428 diligentiam,
463 1366 507 1408 ex
523 1366 589 1426 quo
613 1346 657 1424 tit,
680 1356 716 1409 ut
740 1365 826 1427 quae
848 1345 957 1408 lutura
978 1353 1063 1421 sunt,
1086 1343 1178 1408 lacile
1200 1363 1393 1426 cognoscas.
1416 1342 1532 1425 ltaque

67 1459 146 1512 tuae
168 1448 229 1512 erit
252 1448 446 1529 prudentiae
468 1458 568 1531 atque
592 1448 689 1512 officii
713 1469 812 1531 quam
835 1450 978 1530 primum
1004 1449 1187 1512 Bononiam
1210 1446 1339 1525 reverti,
1367 1446 1456 1510 omni
1480 1468 1530 1509 re·

69 1553 206 1634 pudiata
228 1561 261 1616 et
284 1555 482 1616 amoenitate
513 1563 545 1615 et
568 1554 737 1616 nobilitate
768 1552 915 1634 Urbis;¹)
947 1553 1112 1634 literisque
1143 1551 1274 1615 enixius
1304 1568 1440 1632 operam
1470 1551 1571 1613 im·10

71 1657 208 1738 pendas,
231 1666 275 1732 ut,
306 1676 383 1720 cum
406 1657 545 1721 domum
568 1668 601 1720 te
625 1658 797 1738 receperis,
829 1657 948 1721 lamam
971 1668 1104 1720 tuarum
1126 1656 1283 1720 virtutum
1305 1664 1364 1719 tuo
1386 1654 1531 1718 adventu

67 1782 215 1844 superes.
249 1761 405 1824 Parentes
427 1763 571 1824 maxima
603 1762 722 1824 laetitia
755 1761 877 1824 afficies
900 1772 932 1824 et
955 1760 1133 1843 voluptate,
1163 1770 1351 1824 ceterorum
1377 1758 1530 1822 laudibus

69 1867 308 1931 obscuritatem
340 1875 397 1928 tua
420 1867 619 1948 praestantia
642 1866 768 1930 afferes.
806 1863 841 1929 Si
865 1865 896 1928 id
928 1864 1052 1944 leceris,
1082 1863 1174 1947 quod
1203 1873 1237 1928 te
1263 1863 1426 1928 iacturum
1456 1883 1529 1926 esse

67 1990 137 2033 non
161 1969 289 2049 dubito,
312 1969 536 2033 incredibilem
560 1970 669 2033 animo
693 1970 898 2051 voluptatem
922 1970 1111 2050 percipiam.
1135 1968 1227 2032 Vale.

747 2336 850 2399 XVll.

437 2491 583 2566 Racek
605 2491 759 2586 Janovi
787 2516 811 2565 z
840 2491 1165 2566 Wartenberka.

155 2679 191 2748 (v
211 2680 341 2734 Bononll
361 2678 438 2735 1801
457 2709 490 2719 -
510 2694 546 2735 nn
568 2677 721 2748 00611110.)
743 2679 821 2749 Pleje
841 2697 887 2733 mu
906 2682 1015 2750 srasrny
1034 2681 1130 2733 narrat
1153 2681 1189 2733 do
1207 2679 1287 2734 vlasti
1306 2698 1322 2733 a
1341 2680 1411 2734 vesti
1430 2679 1527 2747 zjeho

64 2765 196 2820 vzdelanl
214 2766 345 2820 hodnosti
363 2782 380 2821 a
398 2766 476 2821 sldvu
495 2767 579 2821 doma
597 2767 605 2821 i
623 2785 642 2820 ν
660 2766 758 2821 010100.
779 2767 935 2838 Vypravuje
954 2766 1023 2831 dsle,
1043 2767 1136 2820 lrteralr
1156 2766 1265 2822 vlichni
1284 2767 1440 2820 odchodem
1456 2765 1522 2835 jcho

63 2853 122 2923 byli
141 2852 330 2920 zarmouceni‚
346 2855 436 2908 avlalt
449 2853 531 2925 jakys
550 2855 692 2924 Virgilius.
712 2856 845 2908 Konedne
864 2854 1019 2922 oznamuje‚
1044 2853 1076 2909 ie
1094 2856 1205 2909 Faenza
1222 2854 1308 2925 potud
1327 2853 1393 2908 nenl
1412 2852 1524 2923 dobyts.

65 2940 151 3003 (List.
169 2939 227 2994 1111.
247 2939 296 2994 ets
315 2939 424 3003 XXIII.)

155 3151 339 3217 Rodericus
367 3153 546 3218 Dubravus
573 3153 689 3235 loanni
714 3156 1009 3237 Werterbergensi,
1039 3155 1195 3237 Pragensi
1226 3155 1415 3236 praeposito
1443 3175 1467 3216 s.
1494 3153 1567 3224 du

67 3255 168 3320 Utin
191 3258 329 3338 patriam
352 3256 462 3322 salvus
486 3269 586 3340 atque
609 3258 783 3322 incolumis
806 3260 941 3336 venires,
972 3260 1020 3321 vir
1043 3259 1230 3334 clarissime,
1257 3269 1407 3339 optarem
1430 3258 1530 3338 pluri·

67 3381 176 3438 mum;
200 3362 279 3443 quin
302 3382 381 3424 vero
405 3363 436 3424 in
460 3364 587 3444 optimo
611 3371 820 3445 statuatque
842 3364 874 3427 in
896 3383 1015 3445 magna
1037 3365 1235 3427 auctoritate
1257 3373 1290 3425 et
1312 3363 1528 3426 aestimatione

66 3466 198 3528 iuturus
220 3466 273 3544 sis,
303 3485 370 3529 non
393 3467 520 3543 dubito,
551 3467 708 3548 quoniam
731 3468 886 3531 omnibus
909 3468 1084 3531 virtutibus
1107 3466 1276 3547 praeditus
1299 3465 1420 3528 existis.
1454 3465 1528 3528 Eris

68 3568 220 3650 profecto
251 3570 374 3650 patriae
397 3589 463 3633 non
486 3569 588 3632 modo
619 3579 823 3646 ornamento,
854 3571 1089 3633 verumetiam
1119 3570 1254 3633 utilitati.
1289 3568 1415 3634 Omnes
1436 3578 1526 3633 tuam

67 3672 317 3736 familiaritatem
352 3673 575 3753 expetendam
606 3693 680 3737 esse
712 3674 842 3752 ducent,
878 3675 1033 3756 quoniam
1066 3674 1323 3738 considerabunt
1353 3694 1396 3737 ex
1426 3695 1464 3736 ea
1494 3683 1567 3740 etsu

67 3776 208 3840 mullum
225 3776 360 3840 honoris
383 3789 415 3839 et
432 3776 646 3841 emolumenti
662 3797 762 3857 posse
785 3779 962 3860 consequi;
986 3798 1029 3841 ex
1045 3798 1113 3860 quo
1129 3779 1161 3840 in
1184 3797 1303 3861 magna
1319 3779 1528 3841 veneratione

67 3882 132 3943 eris
154 3900 223 3944 non
246 3879 349 3944 modo
371 3881 462 3960 apud
483 3880 628 3944 Boemos
651 3900 764 3944 verum
788 3882 886 3944 etiam
909 3881 999 3962 apud
1023 3892 1155 3944 exteras
1178 3883 1342 3961 nationes;
1366 3890 1425 3945 tuo
1448 3900 1527 3945 con-

66 3983 139 4048 silio
163 4002 278 4047 omnes
301 3986 467 4065 principes
488 3995 631 4060 utentur,
653 3986 718 4048 tuis
741 3984 835 4049 dictis
853 4005 967 4049 omnes
990 3987 1161 4067 parebunt.
1186 3985 1264 4048 Non
1286 3995 1320 4048 te
1342 3996 1527 4067 praetereat

67 4088 204 4170 quidem
227 4107 269 4151 eo
284 4087 345 4165 die,
368 4108 436 4170 quo
452 4089 582 4152 anobis
606 4089 793 4165 discessisti,
816 4110 878 4153 nos
894 4089 993 4153 fuisse
1008 4091 1040 4152 in
1056 4092 1203 4153 maximo
1224 4090 1348 4167 dolore,
1371 4091 1528 4172 quoniam

66 4181 182 4272 privati
206 4191 326 4255 luimus
355 4191 595 4255 consuetudine
617 4201 674 4256 tua
704 4203 803 4275 atque
834 4192 1050 4257 familiaritate
1058 4215 1065 4272 ;
1096 4204 1128 4256 et
1160 4195 1335 4275 praecipue
1363 4193 1566 4277 Virgiliusso

66 4297 122 4378 qui
145 4316 186 4358 eo
211 4295 264 4359 die
287 4296 342 4357 vix
365 4295 531 4360 lachrimis
552 4298 757 4378 temperavit,
778 4307 872 4360 tuum
897 4297 1081 4361 discessum
1105 4298 1315 4361 acerbissime
1337 4297 1414 4376 lert;
1445 4317 1527 4360 nun-

66 4420 168 4482 quam
190 4401 238 4463 tui
262 4400 385 4464 mentio
408 4399 557 4478 habetur,
588 4400 620 4463 in
643 4420 708 4482 qua
732 4420 799 4465 non
822 4403 970 4464 maximo
1000 4401 1159 4465 afficiatur
1182 4401 1309 4465 dolore.
1345 4400 1401 4464 Me
1424 4401 1525 4482 pluri-

65 4523 158 4567 mum
188 4504 382 4578 obsecravit,
416 4513 453 4567 ut
483 4505 591 4585 ipsum
622 4506 681 4568 tibi
713 4506 991 4569 commendarem.
1027 4504 1115 4569 Nihil
1147 4505 1264 4582 habeo,
1300 4506 1391 4587 quod
1420 4505 1464 4569 ad
1494 4519 1527 4569 te

65 4609 218 4672 scribam.
242 4607 400 4671 Faventia
422 4618 471 4670 est
494 4609 525 4671 in
541 4608 661 4672 eodem
689 4619 785 4687 statu,
809 4611 841 4673 in
866 4630 933 4691 quo
956 4619 990 4674 te
1009 4609 1202 4674 discedente
1225 4629 1244 4673 a
1267 4610 1363 4674 nobis
1384 4609 1527 4691 luerat.²)

66 4711 161 4775 Vale.
1540 4740 1568 4784 su

67 4854 95 4861 --
104 4853 275 4860 -———----

155 4918 174 4986 ¹)
191 4917 301 4973 Kristoi
315 4917 391 4972 rudit
409 4918 519 4974 tenkrlt
536 4919 583 4990 byl
601 4937 638 4975 na
653 4921 775 4982 00011011,
794 4921 870 4974 litere
884 4921 964 4989 podle
974 4919 1072 4989 jinpich
1086 4922 1170 4989 zpriv
1188 4919 1371 4988 (Aligemeine
1383 4919 1519 4974 deutsche

63 5004 247 5075 Biographie)
265 5021 287 5059 r.
308 5003 377 5059 1500
393 5023 429 5075 00
447 5006 519 5061 Italii
537 5006 629 5075 lronal,
656 5025 673 5062 a
696 5007 829 5062 nachazel
853 5024 892 5074 se,
919 5005 989 5076 lrdyi
1013 5013 1092 5061 tento
1117 5007 1163 5062 list
1185 5007 1278 5062 Racek
1301 5007 1369 5076 psal,
1391 5023 1410 5058 v
1428 4994 1517 5060 inme.

61 5091 163 5147 1111011
180 5092 247 5163 tedy
264 5091 311 5147 list
329 5109 361 5148 as
378 5111 397 5146 v
415 5093 520 5148 druhou
539 5093 660 5163 polovici
679 5111 700 5149 r.
720 5093 798 5149 1500.

153 5196 174 5267 ¹)
192 5196 304 5251 Faenza
322 5196 358 5253 od
376 5196 448 5267 lljns
468 5194 537 5252 leO
555 5197 689 5252 00101001
709 5198 807 5252 vadala
828 5216 859 5252 se
884 5205 963 5267 teprv
984 5197 1027 5252 25.
1051 5198 1144 5254 dubna
1164 5197 1239 5253 1501.
1274 5196 1336 5252 List
1355 5197 1427 5267 psdn
1445 5196 1523 5251 tudli

63 5284 161 5359 nlkdy
179 5301 216 5340 ns
233 5284 355 5354 pocillo
372 5301 394 5341 r.
414 5285 491 5340 1001.
672 5306 675 5311 ·
