3674 5858
294 413 329 465 30
770 412 888 482 Plaeclry
907 406 1009 464 Reholi
1029 411 1172 465 Hrubkmu
1195 409 1269 464 1506.

294 624 378 686 solet
408 623 549 704 facitque
581 623 721 685 authore
752 621 961 701 Quintiliano,
995 632 1030 684 ut
1065 623 1156 703 pueri
1188 622 1305 696 studia,
1339 641 1424 703 quae
1454 620 1602 683 nondum
1634 638 1749 681 amare

294 737 442 806 possunt,
466 727 595 789 oderint
618 737 651 789 et
674 726 926 789 amaritudinem
951 726 1051 788 semel
1075 736 1266 806 perceptam
1289 727 1387 787 etiam
1410 724 1495 787 ultra
1517 725 1618 788 rudes
1641 743 1750 786 annos

293 830 510 894 reformident
535 831 708 893 Praeterea
727 831 758 892 in
775 840 916 893 aetatem
932 830 1093 893 infirmam
1110 840 1142 892 et
1158 830 1292 893 iniuriae
1307 829 1489 892 obnoxiam
1503 838 1601 910 turpe
1616 828 1751 891 videtur

292 936 428 997 nimium
451 936 530 997 mihi
553 935 657 997 licere.
695 934 793 997 Unde
816 953 935 997 censeo
963 954 1024 1014 pro
1048 933 1127 996 virili
1151 953 1225 996 mea
1248 933 1447 1011 enitendum,
1475 941 1513 996 ut
1539 933 1582 995 ab
1604 942 1750 1011 utraque

266 1040 536 1119 asupersedeam,
560 1048 592 1101 et
615 1040 778 1103 tutissimo
802 1039 884 1101 inter
908 1039 966 1100 has
990 1037 1120 1102 delecto
1143 1038 1252 1101 medio
1270 1038 1344 1101 loco
1360 1036 1482 1118 pedem
1497 1037 1620 1100 sistam.
1643 1033 1750 1115 Quod

293 1145 389 1206 etiam
420 1143 509 1224 apud
540 1163 656 1206 omnes
686 1143 775 1215 alioS,
810 1152 880 1205 turn
912 1162 990 1206 vero
1023 1153 1055 1205 et
1086 1144 1264 1204 maximum
1296 1138 1371 1224 (sic)
1405 1140 1494 1221 apud
1517 1138 1556 1202 T.
1580 1139 1620 1202 D.
1644 1139 1750 1202 filium

293 1249 469 1311 observare
492 1248 667 1323 contendo,
689 1267 789 1328 quem
812 1248 844 1310 in
867 1249 1020 1310 omnibus
1044 1248 1203 1311 doctrinis
1218 1256 1297 1327 apto
1315 1246 1453 1328 ingenio,
1475 1245 1638 1308 memoria
1652 1243 1751 1319 sacili,

292 1373 398 1434 aequa
422 1362 455 1414 et
477 1353 642 1435 diligentia
665 1363 697 1415 et
721 1353 912 1416 assiduitate
935 1350 1085 1415 offendas
1108 1361 1148 1427 et,
1176 1351 1231 1413 ubi
1255 1350 1358 1432 magis
1381 1350 1559 1412 cohercere
1581 1358 1614 1411 et
1637 1348 1751 1430 depri-

293 1477 383 1520 mere
406 1457 480 1519 licet
504 1476 602 1536 quam
625 1456 759 1532 addere,
782 1456 933 1517 invenias.
957 1454 1090 1517 Faciam
1113 1456 1225 1537 itaque
1248 1464 1280 1517 et
1303 1473 1430 1517 morern
1454 1473 1553 1534 quem
1575 1462 1672 1516 antea
1689 1452 1752 1514 tibi

255 1581 415 1642 ingeram,
438 1569 473 1621 ut
496 1580 604 1641 neque
627 1561 800 1622 temeraria
824 1580 896 1622 sese
918 1559 1033 1621 efferat
1056 1558 1194 1635 levitate,
1216 1580 1325 1641 neque
1341 1559 1464 1621 rustico
1479 1567 1512 1620 et
1527 1557 1634 1621 servili
1654 1575 1752 1618 more

293 1665 485 1728 indurescat.
504 1662 612 1742 Quam
628 1664 760 1743 quidem
777 1682 913 1743 operam
927 1665 1067 1744 cuipiam
1081 1663 1280 1726 scholarium
1294 1662 1564 1727 committendam
1578 1660 1751 1742 indignum

293 1769 442 1849 prolecto
466 1769 620 1846 iudicavi;
651 1788 727 1830 narn
758 1787 865 1848 neque
888 1788 941 1830 me
964 1769 1049 1830 vires
1073 1768 1237 1844 deficiunt,
1270 1788 1379 1848 neque
1409 1787 1461 1829 me
1491 1765 1530 1829 T.
1564 1765 1603 1828 D.
1628 1785 1750 1827 caussa

293 1874 440 1956 gravabit
463 1873 523 1935 iste
546 1873 650 1936 labor.
674 1873 737 1935 Ubi
762 1893 840 1934 vero
863 1873 894 1933 in
911 1872 1000 1934 calce
1016 1872 1054 1934 T.
1071 1871 1112 1934 D.
1129 1871 1285 1954 efflagitat
1300 1893 1343 1935 ex
1360 1891 1413 1933 me
1429 1869 1577 1932 discendi
1599 1869 1750 1944 modum,

294 1977 401 2039 calcar
431 1976 524 2038 addit
554 1978 696 2039 currenti
727 1986 760 2038 et
791 1977 967 2039 stimulum.
1012 1976 1123 2039 Unum
1151 1988 1261 2039 tamen
1292 1986 1352 2049 est,
1384 1996 1451 2057 quo
1482 1994 1544 2056 ego
1569 1973 1749 2052 plurimum

255 2105 280 2145 rr,
295 2101 430 2145 moveor
453 2094 484 2143 et
508 2082 539 2143 in
563 2080 672 2143 dubiis
695 2100 809 2142 versor
833 2079 1002 2144 fluctibus:
1028 2101 1169 2162 quanam
1194 2079 1435 2160 pulchritudine
1451 2098 1582 2141 morum
1603 2076 1746 2152 deficiat,

294 2185 390 2247 illane
425 2184 661 2265 philosophica,
695 2204 794 2265 quam
829 2183 921 2247 Plato
952 2184 1074 2245 iudicat
1105 2184 1206 2247 solius
1228 2185 1326 2246 animi
1356 2205 1375 2246 a
1406 2184 1488 2246 vitiis
1519 2181 1648 2264 purgati
1672 2200 1749 2242 esse

295 2289 580 2368 pulchritudinem,
602 2298 636 2350 θῖ
658 2288 802 2369 theologi
826 2287 918 2350 lacile
941 2288 1112 2365 accedunt,
1135 2308 1176 2350 an
1200 2308 1247 2363 ea,
1270 2308 1354 2369 quae
1377 2297 1482 2349 totam
1506 2288 1538 2348 in
1554 2294 1649 2368 gestu
1673 2304 1749 2347 cor·

295 2394 385 2472 poris
400 2393 549 2456 officioso
567 2402 599 2455 et
615 2393 831 2454 substantiam
848 2402 880 2454 et
896 2394 960 2454 vim
977 2413 1070 2455 suam
1086 2391 1209 2465 fundat,
1228 2402 1261 2454 et
1276 2411 1375 2473 quarn
1392 2390 1537 2454 mundus
1552 2407 1752 2469 summaque

295 2497 401 2576 capita
423 2497 538 2559 mundi
561 2497 621 2558 sibi
652 2495 801 2558 exhiberi
831 2495 952 2558 volunt.
998 2494 1128 2574 Quodsi
1158 2497 1300 2576 primum
1325 2504 1383 2573 est,
1413 2515 1480 2558 non
1510 2494 1641 2557 videtur
1671 2492 1753 2554 mihi

255 2616 283 2658 ro
296 2600 473 2680 plurimum
496 2599 708 2683 degenerare,
731 2601 808 2681 quin
831 2600 942 2679 potius
963 2600 1005 2660 ad
1030 2599 1072 2673 id,
1095 2600 1186 2680 quod
1210 2619 1350 2680 apuero
1373 2598 1405 2661 id
1420 2598 1537 2661 aetatis
1551 2597 1753 2680 exigeretur,

296 2725 405 2786 aquo
429 2704 505 2767 nihil
529 2704 711 2785 perlectum
742 2724 803 2765 nec
827 2705 912 2786 exigi
942 2724 1002 2766 nec
1033 2705 1156 2782 sperari
1185 2712 1303 2784 potest,
1333 2702 1498 2780 alludere,
1527 2703 1576 2763 sin
1599 2701 1752 2777 alterurn,

300 2809 333 2869 in
355 2828 396 2871 eo
420 2808 497 2869 mihi
521 2808 591 2869 dari
613 2809 740 2868 veniam
764 2808 862 2886 cupio
885 2817 918 2869 et
948 2809 974 2869 si
1004 2808 1126 2887 pateris
1150 2809 1218 2870 sine
1241 2808 1424 2881 stomacho,
1456 2807 1525 2869 iure
1549 2814 1752 2886 extorqueo.

297 2911 361 2991 Qui
385 2912 471 2974 enirn
496 2911 564 2973 fieri
587 2921 705 2992 potest,
728 2922 764 2974 ut
788 2911 865 2973 mihi
887 2932 1018 2992 semper
1040 2921 1097 2974 aut
1120 2911 1310 2974 academiae
1334 2919 1392 2974 aut
1415 2910 1496 2989 lycei
1518 2918 1576 2971 aut
1599 2909 1752 2990 porticus

298 3016 407 3079 limina
429 3016 582 3079 salutanti
605 3015 719 3078 talium
743 3016 857 3095 peritia
881 3035 1010 3078 morum
1035 3016 1197 3097 obtigerit,
1221 3035 1320 3096 quam
1344 3013 1532 3096 philosophi
1556 3012 1702 3075 morales
1717 3022 1753 3074 et

255 3120 466 3182 mconlutare
489 3130 521 3182 et
543 3120 754 3182 vehementer
787 3119 996 3198 posthabere,
1027 3121 1188 3199 despuere
1219 3139 1257 3181 ac
1287 3120 1454 3199 extirpare
1485 3136 1550 3180 non
1576 3115 1752 3179 dubitant?

296 3221 364 3286 Sed
388 3244 483 3288 cesso
506 3225 587 3301 iam;
611 3225 722 3287 nescio
745 3225 831 3285 enim
854 3243 922 3304 quo
945 3233 1044 3304 pacto
1064 3224 1142 3285 mihi
1158 3224 1271 3303 paucis
1287 3223 1449 3286 disserere
1464 3221 1586 3285 volenti
1602 3220 1754 3284 calamus

296 3328 469 3410 hucusque
491 3330 678 3408 expatiatus
701 3337 757 3390 est.
782 3328 874 3390 Haec
897 3328 955 3389 tibi
979 3329 1098 3403 scribo,
1129 3347 1196 3390 non
1219 3347 1286 3408 quo
1310 3326 1458 3403 doceam,
1488 3324 1547 3388 sed
1579 3344 1647 3405 quo
1671 3325 1752 3387 mihi

295 3433 499 3495 satisfaciam.
538 3432 652 3496 Risum
682 3433 767 3494 enim
799 3433 870 3508 ciet,
904 3441 938 3493 ut
968 3432 1011 3492 ait
1043 3431 1210 3505 Horatius,
1240 3431 1324 3512 ligna
1354 3429 1478 3492 addere
1509 3428 1617 3507 sylvis
1656 3427 1754 3505 Vale,

297 3538 392 3617 patrii
415 3538 555 3599 nominis
579 3538 741 3598 columen.
766 3536 871 3598 Datae
894 3536 937 3597 ad
961 3555 984 3596 s.
1003 3535 1184 3598 Henricum
1200 3534 1381 3597 tredecimo
1398 3531 1562 3597 Calendas
1577 3532 1754 3614 Januarias

256 3655 283 3698 εο
296 3641 349 3703 die
372 3660 458 3703 anno
483 3640 527 3702 M.
553 3639 591 3703 D.
616 3639 705 3719 Vl.¹)

1003 3899 1041 3961 ll.

606 4053 769 4128 Vaclav
799 4054 979 4149 Pisecky
1009 4034 1167 4126 henou
1197 4051 1429 4127 Hrubemu.

380 4242 403 4294 V
424 4242 521 4296 Praze
541 4243 627 4297 1500
647 4273 678 4281 -
699 4243 730 4297 2.
751 4245 855 4296 tinore.
881 4240 988 4309 Deliuje
1005 4258 1038 4294 za
1057 4243 1216 4295 darovanou
1235 4241 1302 4295 sobe
1321 4242 1406 4294 knihu
1426 4258 1443 4294 a
1461 4241 1553 4294 chvtlr
1571 4240 1753 4309 plidinlivost

292 4329 381 4397 synlra
400 4316 554 4382 Reholova.
591 4329 703 4382 Odmital
726 4330 856 4383 slrromne
880 4329 1043 4396 pochvalenl
1071 4329 1133 4381 listu
1153 4328 1318 4396 pledesleho
1336 4344 1353 4380 a
1371 4327 1488 4397 vylrladll
1515 4328 1753 4382 nedostatecnost

293 4414 432 4484 nabyttho
451 4417 577 4468 vzdeldnl
596 4417 691 4478 sveho,
712 4416 719 4467 i
739 4415 837 4483 delruje
856 4415 1000 4467 Hrubemu
1019 4431 1036 4467 a
1055 4400 1205 4477 Slechtovi
1233 4414 1264 4467 le
1284 4416 1320 4468 ho
1339 4415 1355 4466 lr
1373 4414 1486 4467 studilm
1506 4414 1751 4484 humanisticlrym

292 4501 459 4567 povzbudili,
478 4520 494 4553 v
514 4502 595 4555 nichi
616 4504 683 4555 mlnl
703 4503 808 4555 horlive
828 4503 1015 4569 polrracovati.
1041 4501 1121 4565 (List.
1139 4502 1196 4569 rkp.
1217 4502 1266 4554 dis.
1286 4502 1329 4568 ll.)

383 4678 575 4740 Vinceslaus
600 4679 756 4740 hiscens-is
778 4679 817 4739 D.
835 4678 996 4760 Gregorio
1014 4679 1133 4757 llruby
1149 4699 1172 4740 s.
1190 4680 1221 4741 d.
1245 4677 1337 4757 Quas
1360 4680 1417 4740 tibi
1434 4679 1562 4760 gratias,
1584 4698 1752 4759 generose

294 4783 426 4843 domine
451 4781 598 4863 Gregori‚
625 4782 674 4844 vel
697 4803 794 4864 agere
824 4782 874 4844 vel
899 4783 1084 4844 meminisse
1112 4783 1261 4859 debeam,
1291 4782 1437 4844 nondum
1464 4781 1613 4861 prolecto
1637 4781 1752 4853 didici,

294 4888 417 4966 qnippe
441 4886 495 4965 qui
520 4887 580 4945 sim
605 4888 635 4946 in
659 4908 698 4947 eo
723 4907 851 4967 genere,
875 4907 959 4967 quae
982 4886 1055 4947 Tua
1078 4896 1128 4947 θεῖ
1150 4887 1192 4947 ad
1217 4906 1269 4947 me
1293 4885 1528 4960 benevolentia,
1551 4904 1617 4946 non
1636 4905 1754 4948 macer

294 4991 379 5052 adeo
402 4990 460 5051 sed
484 4991 595 5051 aridus
619 5000 651 5051 et
674 4992 841 5071 exanguis.
872 4989 1001 5051 Libello
1025 5010 1078 5051 me
1101 4989 1207 5071 largiri
1231 4990 1383 5072 dignatus
1407 5010 1449 5050 es.
1481 4987 1569 5067 Quid
1594 4999 1654 5062 est,
1680 5010 1751 5071 quo

385 5212 405 5279 ¹)
423 5212 479 5264 Zde
499 5219 584 5263 nutno
604 5213 747 5264 vahledem
774 5211 945 5264 liblizlrtmu
970 5211 1088 5278 potatlru
1114 5210 1179 5262 rolru
1206 5209 1340 5261 rozumeti
1361 5208 1436 5271 1505,
1461 5207 1606 5277 ponevadi
1630 5208 1679 5263 list
1707 5212 1754 5263 nd-

296 5297 430 5364 sledujlei,
450 5298 527 5366 lrtery'*
546 5316 576 5349 se
595 5298 697 5365 ziejme
718 5298 733 5349 lr
754 5305 861 5349 tomuto
881 5298 957 5349 vale.
977 5298 1030 5349 ddn
1047 5297 1101 5363 jest
1119 5298 1145 5348 ἰ).
1165 5297 1251 5348 dnora
1272 5295 1346 5349 1506.
