3674 5858
209 398 244 452 90
655 397 706 468 Jan
725 386 839 451 Slechta
858 397 938 452 imezi
961 395 1114 464 Ondtejovi
1135 395 1210 449 1521.

210 619 243 673 et
272 621 400 692 agreste
430 611 522 692 sequi
553 610 644 687 solet,
667 631 686 671 a
710 610 833 672 civibus
863 619 974 672 tamen
1004 609 1037 672 hi
1068 628 1179 673 mores
1208 617 1241 673 et
1271 608 1334 672 hae
1366 608 1516 672 vitiorum
1548 615 1664 688 pestes

211 714 307 797 longe
330 717 458 791 absunt,
481 734 583 796 quum
607 725 639 776 et
662 715 853 777 sacerdotes
876 715 1047 793 peritiores
1069 726 1101 777 et
1125 723 1233 777 atam
1257 713 1361 777 foedis
1385 715 1534 776 moribus
1552 733 1662 775 remo·

208 821 308 883 tiores
339 820 460 882 habere
490 819 669 882 videantur.
715 818 788 900 Ego
818 828 929 880 autem
960 818 1044 895 dico,
1074 819 1165 900 quod
1202 820 1369 901 ingressus
1396 817 1662 900 qualemcunque

209 925 325 986 urbem
354 925 496 986 invenies
519 933 642 986 tantam
666 923 886 1002 corruptelam
911 943 1049 1000 morum,
1079 933 1235 1005 quantam
1265 942 1373 1005 neque
1396 924 1428 984 in
1450 924 1551 1003 pagis,
1582 922 1661 984 vicis

181 1037 265 1089 aaut
288 1028 462 1108 oppidulis.
486 1027 664 1089 Transiens
687 1029 772 1089 enim
796 1047 855 1107 per
878 1027 1002 1108 plateas
1025 1027 1150 1091 illarum
1175 1028 1253 1107 quid
1277 1027 1365 1090 aliud
1389 1027 1537 1090 offendes
1560 1044 1662 1107 quam

208 1131 440 1195 oblatrantium
472 1131 652 1202 maledicta,
687 1132 941 1194 insimulationes
976 1132 1256 1212 pestilentissimas
1289 1142 1322 1194 et
1355 1132 1470 1210 optimi
1501 1131 1662 1212 cuiusque

209 1236 474 1298 dilacerationem
497 1244 529 1297 et
552 1236 763 1298 invidentium
786 1255 919 1298 venena.
951 1234 985 1298 Si
1007 1247 1116 1299 autem
1148 1237 1316 1299 diverteris
1338 1237 1380 1298 ad
1404 1236 1565 1298 artificum
1589 1234 1662 1297 olfr-

209 1341 297 1403 cinas
319 1349 376 1402 aut
399 1349 620 1403 mercatorum
642 1341 804 1416 tabernas,
827 1341 906 1421 quid
930 1341 1018 1404 aliud
1035 1341 1264 1422 deprehendes
1281 1359 1380 1421 quam
1397 1359 1586 1402 sermonum
1602 1358 1661 1400 ne·

209 1443 311 1521 bulas,
326 1444 428 1520 lucos,
444 1445 616 1506 mendacia
632 1442 912 1525 deceptionesque
937 1445 1132 1508 manifestas.
1156 1441 1191 1507 Si
1214 1465 1290 1506 vero
1315 1443 1528 1507 declinaveris
1543 1445 1576 1507 in
1591 1443 1663 1506 fora

170 1561 194 1602 ¹⁰
208 1549 339 1629 publica
356 1549 520 1630 sedesque
535 1548 726 1624 iudiciarias,
743 1548 798 1610 vix
813 1548 901 1611 aliud
917 1548 1030 1611 audies
1047 1569 1145 1631 quam
1163 1549 1308 1630 undique
1323 1549 1432 1610 omnia
1446 1567 1566 1630 magno
1579 1558 1661 1609 stre·

207 1654 276 1733 pitu
307 1663 340 1714 et
370 1652 515 1716 clamore
538 1653 675 1727 misceri,
705 1672 765 1714 nec
789 1651 876 1715 aliud
899 1651 1057 1734 intelliges
1088 1672 1187 1733 quam
1211 1653 1341 1729 caedes,
1364 1652 1477 1732 spolia,
1499 1651 1659 1730 compila-

205 1758 321 1834 tiones,
343 1757 436 1830 furta,
458 1759 686 1839 grassationes,
710 1758 981 1837 conspirationes,
997 1758 1216 1837 proditiones;
1240 1759 1363 1838 vixque
1385 1757 1441 1818 tibi
1463 1755 1525 1818 alia
1541 1774 1660 1817 occur·

206 1871 278 1924 rent
301 1882 400 1943 quam
418 1861 615 1943 litigatorum
631 1861 733 1944 iurgia
749 1871 782 1924 et
799 1862 1064 1939 contentiones,¹)
1087 1861 1221 1924 testium
1238 1861 1387 1940 periuria,
1411 1860 1655 1922 causidicorum

206 1967 509 2047 praevaricationes,
533 1965 677 2028 iudicum
695 1966 926 2044 corruptiones
950 1986 989 2027 ac
1014 1967 1154 2045 rapinae,
1178 1985 1238 2027 nec
1262 1964 1344 2027 alios
1367 1966 1497 2027 obviarn
1521 1962 1662 2025 habebis

169 2079 193 2121 ¹⁵
207 2089 306 2152 quam
330 2069 516 2132 exultantes
538 2070 710 2149 improbos
734 2077 765 2130 et
789 2068 937 2151 lugentes
961 2070 1076 2147 bonos,
1099 2088 1277 2149 oppressas
1300 2068 1423 2145 viduas,
1445 2066 1662 2148 proculcatos

210 2172 352 2254 pupillos
381 2183 415 2235 et
437 2182 570 2255 egentes
600 2183 793 2253 prostratos.
833 2171 927 2235 Alios
938 2175 961 2251 ²)
986 2173 1177 2236 sacerdotes
1199 2193 1287 2249 suos,
1311 2173 1366 2254 qui
1389 2180 1465 2235 sunt
1487 2171 1661 2235 sanctioris

209 2278 292 2341 vitae
322 2277 601 2356 reprehendentes
630 2286 663 2339 et
693 2276 846 2340 omnibus
869 2278 1019 2340 convitiis
1041 2279 1236 2358 impetentes
1265 2287 1421 2359 tanquam
1444 2296 1587 2351 severos,
1617 2277 1661 2338 ri·

210 2380 305 2464 gidos
327 2391 360 2444 et
383 2401 519 2461 asperos
541 2383 573 2443 in
595 2380 770 2464 arguendis
793 2390 826 2442 et
848 2380 1128 2461 reprehendendis
1151 2383 1242 2459 vitiis,
1273 2393 1306 2446 et
1329 2383 1421 2465 quod
1443 2391 1512 2445 tam
1534 2381 1661 2462 asperis

210 2487 418 2549 sermonibus
447 2495 480 2548 et
510 2485 718 2548 documentis
748 2483 789 2546 nil
821 2484 908 2548 aliud
939 2485 1125 2563 moliuntur,
1155 2487 1215 2549 nisi
1246 2496 1282 2549 ut
1309 2506 1353 2550 ex
1376 2487 1504 2549 civitate
1527 2484 1660 2547 illorum

170 2592 410 2655 ”coenobium
439 2590 582 2672 aliquod,
612 2591 644 2652 in
674 2609 741 2670 quo
773 2589 923 2652 monachi
951 2590 1098 2652 habitare
1128 2589 1297 2669 deberent,
1325 2590 1475 2667 efficiant,
1497 2608 1563 2652 non
1587 2609 1661 2668 per·

211 2695 375 2757 mittentes
397 2714 455 2757 eos
478 2694 702 2774 voluptatibus
725 2695 890 2756 consuetis
913 2694 1014 2757 libere
1036 2696 1083 2756 uti
1106 2696 1185 2757 etin
1202 2695 1497 2759 comessationibus
1519 2702 1552 2756 et
1567 2713 1661 2756 com·

211 2799 435 2878 potationibus
458 2797 627 2875 hilaritate,
650 2798 779 2879 gaudio,
802 2797 972 2861 cantilenis
994 2799 1170 2873 amatoriis,
1194 2800 1324 2861 choreis
1347 2808 1380 2861 et
1403 2799 1550 2861 venereis
1574 2796 1662 2860 ludis

210 2903 330 2979 laetari,
353 2922 438 2983 quae
461 2904 551 2981 prius
574 2902 637 2964 sub
659 2902 728 2964 aliis
751 2900 899 2981 plebanis
929 2902 1030 2965 libera
1060 2912 1093 2964 et
1116 2902 1201 2965 licita
1224 2903 1363 2966 fuerunt.
1408 2902 1505 2982 Quali
1527 2920 1661 2964 morum

209 3007 422 3087 perversitate
444 3027 560 3069 omnes
584 3005 685 3068 lerme
709 3006 854 3067 civitates
877 3006 1014 3068 iniectae
1037 3016 1120 3069 sunt.
1147 3007 1294 3070 Aestima
1317 3028 1396 3089 ergo
1419 3016 1539 3082 tecum,
1562 3023 1663 3085 quam

169 3122 196 3164 2⁵
209 3112 250 3175 sit
272 3111 452 3174 iucundum
475 3120 558 3173 inter
581 3109 662 3173 tales
684 3111 783 3172 vitam
799 3128 905 3191 agere,
929 3119 961 3171 et
977 3130 1055 3172 num
1080 3110 1176 3193 longe
1199 3112 1300 3174 satius
1316 3109 1444 3172 videtur
1459 3111 1542 3174 inter
1558 3108 1662 3171 lustra

210 3226 241 3278 et
257 3215 402 3296 >spelaea
432 3215 574 3277 terarum
605 3223 638 3276 et
668 3217 698 3276 in
729 3215 844 3294 quavis
871 3224 963 3276 vasta
993 3234 1105 3277 eremo
1136 3235 1234 3296 quam
1266 3216 1348 3277 inter
1377 3214 1455 3277 talia
1487 3214 1661 3276 hominum

209 3328 360 3401 portenta
384 3320 530 3382 habitare
553 3329 585 3380 et
608 3319 724 3381 vivere.
763 3318 837 3381 Hos
860 3327 969 3380 autem
994 3339 1056 3401 ego
1081 3321 1197 3382 beatos
1221 3320 1372 3395 dixerim,
1395 3320 1451 3400 qui
1473 3337 1589 3380 amore
1612 3315 1662 3378 di·

210 3424 284 3485 vino
301 3434 333 3486 et
349 3424 474 3485 virtutis
491 3431 760 3501 contempserunt
783 3431 892 3485 cetera
915 3423 1027 3485 mundi
1045 3424 1141 3498 bona,
1164 3432 1196 3484 et
1220 3424 1275 3504 qui
1298 3444 1334 3485 se
1357 3424 1528 3499 innocuoS,
1549 3440 1662 3501 puros,

210 3538 328 3603 castos,
344 3529 488 3610 integros
504 3535 738 3589 conservantes
754 3525 944 3588 extulerunt
967 3527 1112 3589 animum
1129 3526 1225 3588 altius
1241 3526 1284 3589 ad
1300 3525 1497 3610 gustandam
1520 3524 1664 3587 divinam

170 3642 198 3683 ³⁰
211 3632 448 3708 excellentiam,
471 3631 613 3693 humana
635 3633 728 3711 quasi
755 3629 889 3692 sordida
906 3639 938 3691 et
954 3631 1082 3691 abiecta
1105 3629 1333 3711 relinquentes,
1356 3630 1497 3692 scientes
1519 3648 1592 3691 esse
1615 3629 1663 3689 in-

209 3734 310 3811 firma,
341 3744 578 3810 momentanea,
609 3733 841 3813 corruptibilia,
864 3734 940 3796 fuco
964 3734 1182 3808 mendaciora,
1214 3733 1279 3796 hilo
1304 3734 1457 3808 inaniora,
1488 3732 1582 3811 papis
1607 3751 1663 3792 vo·

209 3838 349 3901 lantibus
373 3838 508 3916 leviora;
532 3838 590 3901 sed
617 3840 649 3900 in
677 3838 738 3900 hac
765 3837 833 3900 sola
862 3848 1059 3913 recreantur,
1091 3836 1320 3909 relocillantur,
1344 3836 1462 3898 laetam
1489 3855 1528 3897 ac
1550 3835 1664 3897 iucun-

208 3942 284 4005 dam
311 3943 469 4005 ducentes
496 3944 604 4018 vitam,
632 3942 780 4004 videntes
806 3951 912 4004 tantas
940 3942 1108 4004 hominum
1132 3951 1266 4021 tamque
1290 3940 1406 4004 stultas
1428 3950 1460 4002 et
1484 3938 1572 4002 ultro
1594 3939 1658 4001 sibi

208 4047 371 4128 quaesitas
397 4049 587 4123 anxietates,
609 4056 660 4109 tot
683 4047 827 4125 ineptias,
850 4055 900 4108 tot
917 4064 1029 4108 cassos
1046 4044 1183 4121 labores,
1206 4055 1256 4107 tot
1280 4046 1390 4107 inanes
1414 4064 1518 4120 curaS,
1540 4043 1662 4105 nemini

167 4162 372 4224 ³⁵nocentes,
394 4152 513 4213 nemini
537 4150 674 4226 molesti,
705 4170 790 4230 quos
818 4149 951 4211 laudant
982 4169 1105 4224 omnes,
1140 4149 1364 4212 benevolentia
1387 4158 1420 4211 et
1442 4147 1553 4210 favore
1583 4167 1662 4227 pro-

211 4264 404 4335 sequuntur.
429 4254 472 4316 Hi
495 4254 647 4316 nimirum
671 4252 780 4315 felices
796 4252 949 4315 censendi
966 4262 1051 4324 sunt,
1074 4253 1129 4330 qui
1146 4252 1366 4314 conscientiae
1381 4271 1460 4313 suae
1475 4251 1664 4312 innocentia

210 4367 309 4439 atque
338 4359 520 4441 integritate
552 4356 772 4439 perfruuntur,
796 4376 856 4419 nec
879 4356 947 4418 ullo
971 4357 1088 4418 timore
1111 4366 1282 4438 anguntur,
1313 4355 1401 4417 nulla
1423 4355 1572 4437 angustia
1594 4363 1663 4416 tor·

210 4473 360 4542 quentur,
383 4482 449 4524 non
472 4462 585 4524 timent
608 4461 743 4540 amplas
766 4460 886 4539 quibus
902 4470 1013 4521 carent
1030 4479 1179 4541 quasque
1196 4458 1281 4521 nihili
1304 4458 1434 4534 faciunt,
1456 4459 1583 4522 divitias
1600 4458 1663 4519 sibi

210 4567 491 4644 apotentioribus
521 4575 577 4626 aut
601 4564 781 4627 latronibus
815 4565 903 4642 eripi,
933 4583 999 4626 non
1023 4565 1137 4625 timent
1161 4583 1179 4623 a
1203 4582 1404 4644 quocunque
1427 4582 1462 4624 se
1486 4560 1579 4637 laedi,
1601 4562 1660 4642 qui

170 4685 270 4731 ronec
293 4688 482 4750 quenquam
506 4689 541 4730 se
564 4668 696 4731 laesisse
720 4678 811 4730 certo
835 4666 1031 4748 intelligunt.
1056 4667 1147 4729 Haec
1171 4678 1281 4729 autem
1305 4668 1368 4728 vita
1391 4685 1494 4747 quum
1517 4666 1558 4727 sit
1580 4685 1660 4744 pro·

209 4776 327 4839 borum
351 4773 531 4848 hominum,
553 4774 708 4852 quoniam
739 4773 922 4835 secundum
950 4772 1049 4833 deum
1073 4780 1130 4846 est,
1154 4771 1268 4850 spiritu
1300 4771 1431 4833 ducitur
1453 4777 1487 4831 et
1509 4768 1662 4847 corporis

208 4878 367 4941 illecebris
388 4887 460 4940 toto
482 4877 580 4938 animi
603 4885 635 4938 et
658 4877 775 4939 mentis
799 4878 921 4939 robore
945 4874 1130 4938 reluctatur.
1154 4873 1265 4954 Opera
1288 4875 1374 4936 enirn
1398 4874 1503 4936 carnis
1519 4882 1661 4935 mortem

211 5035 414 5044 ———-—

298 5117 319 5171 'l
339 5118 439 5169 Glossa
458 5115 541 5168 cesla
560 5133 595 5169 na
614 5115 711 5183 okraji:
736 5116 878 5184 Mlynarzy
898 5113 971 5182 melij
992 5113 1137 5182 yazykem.

298 5221 318 5289 ²)
337 5221 393 5273 Zde
413 5222 575 5288 vynechana
595 5220 697 5286 nejspls
717 5222 780 5272 veta
799 5218 841 5271 asi
860 5219 956 5269 tohoto
976 5218 1096 5285 smyslu:
1115 5216 1266 5277 KnelstvO,
1283 5215 1326 5283 jei
1346 5222 1454 5267 tomuto
1467 5212 1597 5281 podlnam'
1615 5230 1662 5266 ne·

211 5307 299 5369 branl‚
319 5308 434 5360 meslaci
455 5306 512 5359 radi
532 5306 604 5373 maji.
