3674 5858
628 397 679 467 Jan
697 383 811 453 §lectita
830 398 910 453 imezi
932 397 1084 467 Ondiejovi
1104 397 1179 455 1521.
1597 398 1631 454 01

175 610 352 666 aeternam·
368 603 535 686 inducunt,
558 630 660 691 opera
676 632 753 676 vero
769 611 901 692 spiritus
916 613 1000 675 vitae
1022 623 1176 677 aeternae
1192 613 1427 677 beatitudinem
1450 612 1631 677 conserunt.

177 722 327 787 Naturae
356 727 441 791 enim
465 722 577 804 opifex
600 720 700 794 Deus,
731 718 787 797 qui
810 738 952 798 corpora
975 720 1143 799 spiritibus
1166 721 1326 797 animavit,
1355 721 1546 802 figmentum
1570 738 1630 781 no·

176 837 282 891 strum
312 848 527 912 cognoscem,
558 826 618 888 scit
641 843 763 903 corpus
786 834 936 890 nostrum
960 842 1032 886 esse
1057 823 1234 902 pulverem,
1267 835 1300 886 et
1324 843 1457 886 omnem
1481 834 1628 886 nostram

176 932 243 994 vim
264 934 393 996 animae
421 930 600 1010 insculpsit,
631 947 734 1010 quum
765 928 808 989 ad
831 929 1004 1009 imaginem
1037 929 1139 1007 ipsius
1162 927 1303 991 formata
1325 929 1376 1002 sit,
1405 947 1527 1009 corpus
1550 946 1629 989 vero

176 1045 326 1098 nostrum
350 1036 557 1118 parvipendit
590 1032 805 1095 Admirantur
828 1034 918 1111 pueri
935 1033 1098 1111 simplices
1121 1032 1399 1112 pulchritudinem
1423 1032 1521 1111 pomi,
1544 1041 1669 1110 quaen
1710 1111 1714 1119 Ι

177 1151 226 1201 est
255 1140 288 1202 in
318 1141 450 1217 cortice,
480 1160 542 1202 uos
564 1158 643 1200 vero
667 1138 814 1216 proiecto
844 1137 974 1209 cortice,
1005 1137 1096 1216 quod
1127 1136 1190 1198 sub
1221 1156 1262 1200 eo
1285 1146 1343 1211 est,
1366 1154 1544 1197 servamus.
1591 1133 1628 1195 ln

177 1242 330 1306 frumenti
357 1245 455 1324 spicis
478 1241 741 1322 contemplamur
772 1241 982 1322 sagacitatem
1006 1249 1141 1301 naturae
1172 1239 1419 1319 mirabilemque
1449 1256 1627 1320 granorum

176 1347 328 1410 ordinem
358 1358 391 1411 et
420 1348 678 1428 dispositionem,
710 1344 927 1408 folliculorum
959 1345 1126 1415 amictum,
1157 1345 1329 1406 aristarum
1361 1343 1480 1406 vallum
1504 1353 1536 1405 et
1559 1342 1627 1403 exi·

177 1451 275 1512 miam
303 1451 337 1514 in
365 1460 438 1515 toto
468 1451 523 1514 illo
547 1471 649 1530 opere
672 1458 884 1524 venustatem,
915 1458 1059 1510 attamen
1083 1448 1298 1528 postmodum
1330 1450 1420 1510 omni
1442 1448 1628 1509 extrinseca

177 1554 421 1634 pulchritudine
450 1563 642 1633 contempta
672 1554 779 1632 spicas
807 1553 1017 1630 conterimus,
1048 1552 1158 1632 paleas
1181 1552 1223 1614 ad
1247 1564 1379 1615 ventum
1402 1554 1561 1615 iactantes
1583 1549 1626 1613 ad
1642 1559 1668 1600 1⁰

177 1658 284 1721 solum
306 1679 445 1741 granum
470 1678 584 1722 curam
608 1658 826 1723 extendimus.
850 1655 951 1736 Quod
975 1657 1002 1719 si
1025 1656 1116 1718 Deus
1140 1655 1214 1718 facit
1237 1657 1268 1719 in
1292 1656 1434 1729 homine,
1458 1655 1549 1738 quod
1566 1675 1627 1716 nos

176 1764 339 1843 sapienter
369 1763 504 1826 facimus
527 1765 559 1826 in
583 1782 698 1840 messe,
726 1763 883 1824 miramur
914 1761 977 1824 hoc
1011 1770 1043 1822 ct
1066 1760 1270 1836 damnamus,
1300 1761 1356 1822 ubi
1387 1760 1493 1822 mirari
1517 1759 1628 1838 potius

176 1866 339 1928 debemus
361 1866 533 1929 homiuum
556 1867 780 1951 ignorantiam,
803 1867 1031 1941 temeritatem,
1056 1866 1236 1942 audaciam,
1259 1865 1350 1946 quod
1367 1883 1485 1926 senon
1508 1882 1627 1944 agnos·

176 1980 262 2045 cunt,
292 1979 326 2032 et
356 1971 448 2052 quod
471 1971 572 2033 deum
595 1973 752 2047 incusant,
783 1980 816 2032 et
839 1969 993 2032 iudicium
1016 1971 1087 2032 eius
1110 1990 1177 2033 non
1208 1969 1392 2033 formidant.
1427 1968 1519 2031 Deus
1542 1967 1627 2029 euim

177 2074 309 2154 spiritus
339 2085 400 2148 est,
431 2076 478 2138 vis
509 2095 686 2139 causarum
716 2075 905 2138 caelestium
935 2085 1034 2155 atque
1068 2076 1270 2137 terrestrium
1306 2076 1336 2136 iu
1368 2073 1537 2152 spiritibus
1567 2082 1625 2132 est.
1643 2076 1666 2118 ¹⁵

176 2176 291 2241 Omnis
314 2198 477 2259 corporea
499 2180 680 2245 substantia
703 2181 745 2242 ab
769 2182 964 2259 incorporea
987 2180 1189 2260 gubernatur
1212 2190 1245 2241 et
1268 2180 1398 2261 regitur.
1430 2177 1457 2239 F
1460 2177 1625 2256 loccipen-

173 2280 282 2344 denda
312 2301 392 2365 ergo
423 2292 455 2346 et
485 2285 689 2365 contemptui
719 2284 872 2347 habenda
902 2294 978 2346 sunt
1006 2304 1170 2363 corporea
1201 2285 1283 2346 haec
1315 2283 1474 2359 membra,
1496 2281 1625 2343 animus

173 2403 250 2447 vero
280 2387 371 2448 omni
392 2406 471 2448 cura
494 2387 699 2451 excolendus
747 2386 807 2452 Cui
830 2389 1011 2452 sententiae
1034 2387 1251 2468 adstipulatur
1274 2388 1403 2461 Paulus,
1436 2388 1537 2449 immo
1560 2383 1625 2464 spi·

173 2490 253 2551 ritus
282 2499 417 2552 sanctus
445 2490 585 2572 loquens
615 2493 647 2554 in
671 2492 782 2566 Paulo,
806 2512 908 2574 quum
936 2492 1054 2574 iuquit:
1095 2492 1288 2556 »Habemus
1310 2492 1503 2555 thesaurum
1526 2490 1625 2552 istum

172 2591 312 2655 invasis
335 2592 518 2657 fictilibus«
560 2595 769 2660 Thesaurum
799 2607 895 2661 vocat
930 2598 1081 2671 animam,
1111 2618 1188 2660 vasa
1218 2596 1325 2660 fictilia
1358 2605 1434 2659 suut
1464 2593 1623 2656 membra.
1639 2604 1665 2645 ω

172 2691 298 2758 Omnes
327 2697 500 2778 siquidem,
530 2700 586 2780 qui
614 2701 656 2763 ad
688 2720 798 2762 veram
828 2701 1019 2780 sapientiam
1050 2700 1100 2762 vel
1131 2711 1350 2781 pervenerunt
1377 2700 1427 2764 vel
1451 2697 1620 2779 pervenire

171 2798 355 2875 voluerunt,
377 2821 500 2882 corpus
523 2823 589 2866 non
612 2814 877 2886 centempserunt
907 2805 1015 2867 solum
1038 2824 1153 2866 verum
1183 2806 1225 2868 de
1249 2805 1406 2869 industria
1437 2819 1624 2866 macerave-

173 2913 256 2966 runt.
287 2903 461 2969 Praetereo
491 2919 632 2984 sanctos
662 2909 847 2990 dequibus
877 2910 910 2973 id
934 2910 1140 2974 manifestum
1170 2921 1228 2984 est,
1258 2921 1291 2973 et
1322 2910 1449 2973 veniam
1471 2907 1515 2971 ad
1537 2924 1620 2968 non·

170 3005 278 3070 nullos
301 3009 446 3090 gentiles.
478 3010 684 3094 Pythagorici
706 3034 726 3075 a
749 3015 903 3076 carnibus
932 3015 1165 3077 abstinuerunt.
1213 3014 1377 3096 Diogenes
1400 3032 1476 3075 cum
1502 3008 1622 3073 baculo

170 3120 205 3174 et
226 3131 306 3191 pera
330 3113 520 3178 mendicans
544 3117 725 3196 discipulos
748 3137 882 3198 quoque
905 3137 984 3180 suos
1001 3120 1189 3181 mendicare
1212 3119 1365 3194 docebat,
1387 3119 1419 3179 in
1435 3118 1528 3179 cuius
1544 3132 1664 3177 con-ao

171 3225 345 3296 temptum,
377 3219 422 3279 uti
445 3238 507 3301 ego
531 3222 694 3297 existim0,
719 3221 843 3284 dictum
866 3233 915 3284 est
938 3244 957 3285 a
980 3220 1127 3285 Christo:
1154 3223 1283 3286 »Nolite
1310 3233 1444 3302 portare
1468 3218 1624 3282 baculum

170 3338 277 3399 neque
301 3340 442 3400 peram<
469 3333 505 3386 ut
528 3326 717 3388 ostenderet
740 3325 838 3407 longe
860 3328 958 3388 etiam
982 3328 1149 3402 minorem,
1174 3347 1272 3407 quam
1298 3325 1462 3407 Diogenes
1489 3322 1620 3403 praedi·

170 3435 285 3502 casser,
308 3429 459 3506 corporis
483 3449 596 3491 curam
612 3450 631 3490 a
647 3431 742 3492 nobis
758 3430 953 3493 habendam.
977 3430 1052 3510 lpse
1069 3430 1240 3510 Epicurus
1263 3450 1362 3511 quem
1385 3429 1468 3491 aliae
1490 3426 1624 3490 scholae

169 3527 446 3609 philosophorum
477 3534 570 3613 quasi
593 3534 797 3613 impudicum
821 3543 854 3596 et
884 3534 926 3596 de
957 3555 1088 3597 summo
1120 3536 1209 3597 bono
1234 3533 1318 3596 male
1346 3533 1539 3595 sentientem
1564 3551 1622 3591 ex-

169 3630 318 3710 plodunt,
341 3652 443 3712 quum
466 3657 606 3699 coenare
630 3638 747 3700 lautius
771 3638 904 3700 volebat
926 3648 958 3700 et
981 3640 1085 3721 genio,
1110 3648 1144 3700 ut
1168 3642 1264 3713 aunt,
1288 3638 1465 3719 indulgere,
1489 3655 1573 3715 pane
1590 3644 1663 3697 ern

169 3754 268 3797 caseo
291 3735 468 3801 victitabat.
493 3738 693 3804 Sacerdotes
718 3741 873 3823 Aegyptii
896 3743 927 3805 in
951 3742 1081 3822 templis
1104 3763 1139 3804 se
1163 3742 1354 3805 claudentes
1377 3762 1469 3822 pane,
1502 3740 1569 3803 sale
1592 3750 1624 3800 et

171 3837 303 3918 hysopo
326 3843 554 3905 vescebantur.
587 3843 891 3925 Gymnosophistae
914 3846 1003 3926 apud
1028 3846 1138 3921 Indos,
1161 3855 1197 3907 ut
1219 3847 1311 3908 testis
1335 3856 1384 3909 est
1408 3845 1623 3908 Philostratus

175 3942 208 4004 in
230 3944 296 4003 vita
318 3941 487 4024 Apollonii
502 3945 636 4026 Tyanei,
659 3969 694 4010 se
710 3949 817 4011 inedia
832 3950 1063 4026 extenuabant,
1085 3960 1118 4012 et
1140 3969 1293 4011 somnum
1317 3958 1349 4012 et
1372 3967 1449 4011 eum
1465 3966 1623 4028 perquam

171 4046 397 4109 brevissimum
429 4049 461 4111 in
484 4049 573 4112 nuda
603 4052 705 4115 humo
729 4054 910 4132 capiebant,
941 4054 1059 4116 caloris
1089 4063 1121 4115 et
1146 4054 1295 4116 laborum
1319 4055 1363 4117 ita
1387 4054 1554 4133 patientes,
1587 4061 1623 4114 ut

169 4151 260 4211 saxei
284 4149 480 4215 viderentur.
503 4154 554 4217 De
578 4156 627 4218 his
650 4157 770 4220 Plinius
793 4160 825 4218 in
848 4158 988 4236 septimo
1012 4157 1096 4220 libro
1120 4159 1274 4221 naturalis
1297 4159 1451 4221 historiae
1474 4158 1516 4219 de
1533 4155 1663 4218 lndisas

169 4252 307 4334 loquens
330 4255 374 4316 ita
397 4257 490 4320 dicit:
519 4258 757 4341 »Philosophos
773 4260 911 4338 illorum,
935 4281 1020 4342 quos
1035 4263 1326 4344 gymnosophistas
1341 4271 1470 4338 vocant,
1493 4270 1622 4323 constat

167 4357 210 4419 ab
233 4368 354 4422 exortu
381 4362 424 4423 ad
448 4383 606 4425 occasum
637 4375 784 4445 perstare
815 4376 1010 4428 contuentes
1040 4365 1144 4429 solem
1168 4366 1395 4428 immobilibus
1419 4364 1531 4438 oculis,
1562 4364 1622 4426 fer·

167 4463 319 4525 ventibus
349 4466 455 4527 arenis
484 4475 557 4529 toto
581 4468 634 4529 die
657 4468 787 4533 alternis
817 4469 959 4548 pedibus
982 4470 1146 4547 insistere;
1178 4469 1294 4550 hisque
1323 4469 1431 4532 modis
1454 4478 1526 4530 toto
1549 4469 1621 4529 nisu

168 4574 202 4628 et
214 4576 336 4629 conatu
353 4566 556 4647 laborabant,
573 4582 608 4633 ut
627 4591 748 4651 corpus
764 4572 968 4635 debilitatum
984 4574 1121 4652 imperio
1137 4575 1235 4635 animi
1258 4574 1472 4636 subicerent«
1494 4572 1620 4634 Verum

168 4671 372 4750 quaerebant
402 4681 435 4734 et
466 4674 497 4735 hi
528 4685 561 4737 et
583 4675 634 4737 alii
658 4675 845 4757 philosophi
876 4677 1044 4740 veritatem
1075 4689 1147 4741 toto
1171 4679 1253 4739 vitae
1277 4679 1394 4757 spatio,
1425 4678 1484 4740 sed
1509 4677 1563 4738 diu
1588 4688 1619 4737 et
1634 4689 1661 4730 ⁴0

168 4773 308 4836 multum
332 4775 521 4840 laborantes
544 4779 621 4841 nihil
638 4781 837 4841 invenerunt.
864 4780 944 4842 Ideo
960 4800 1137 4861 personam
1159 4782 1288 4844 illorum
1312 4784 1455 4844 tenuisse
1471 4781 1620 4843 videntur

168 4877 320 4958 discipuli
343 4878 472 4955 Christi,
496 4903 598 4964 quum
623 4884 791 4946 dixerunt:
818 4883 1044 4964 »Praecepton
1067 4906 1126 4965 per
1149 4897 1253 4949 totam
1277 4897 1410 4949 noctem
1433 4885 1620 4948 laborantes

168 4981 244 5043 nihil
269 4986 426 5063 cepimus,
449 4987 482 5048 in
505 4987 608 5049 verbo
631 4998 742 5050 autem
772 4997 831 5050 tuo
856 4986 1041 5051 laxabimus
1065 5000 1162 5052 rete.‹
1197 4989 1328 5068 Quibus
1350 4989 1458 5051 verbis
1481 4989 1549 5051 duo
1573 4990 1619 5050 in·

167 5096 322 5161 nuuntur,
345 5097 377 5149 et
401 5088 500 5151 fuisse
523 5090 743 5170 philosophos
766 5092 797 5154 in
820 5102 918 5154 nocte
941 5104 1088 5156 versatos
1111 5103 1143 5155 et
1167 5112 1283 5156 eorum
1306 5094 1454 5157 laborem
1477 5113 1549 5155 esse
1567 5113 1619 5153 va-

167 5190 312 5269 nitatem,
342 5195 497 5273 quoniam
521 5196 589 5256 sine
613 5194 677 5257 deo
702 5196 904 5277 quaerebant
928 5198 1106 5259 veritatem.
1152 5195 1295 5260 Omnem
1319 5208 1429 5260 autem
1457 5197 1619 5259 humanae
1634 5208 1659 5249 δῦ

167 5295 306 5357 actionis
337 5295 479 5360 fructum
504 5298 638 5361 ultimus
661 5299 741 5374 finis,
773 5301 829 5381 qui
853 5309 903 5362 est
924 5321 1024 5379 mors,
1054 5299 1302 5379 demonstrabit,
1332 5322 1431 5385 quam
1455 5301 1621 5383 duplicem
