3674 5858
532 422 665 477 Erasmus
685 424 905 493 Rnterodamslqt
928 422 997 491 Janu
1017 407 1160 477 Slechtovi
1182 419 1255 474 1519.
1586 418 1621 473 83

166 632 432 716 Germaniaeque
456 634 600 716 reliquae
622 636 779 715 partibus,
809 634 866 697 sed
893 635 1070 714 praecipue
1093 653 1169 697 curn
1194 633 1360 714 Hispania.
1405 631 1488 712 Quis
1510 643 1622 696 autem

167 736 321 800 crederet
354 737 464 800 adhuc
498 757 680 818 superesse,
719 738 773 818 qui
808 737 976 801 stultitiam
1015 737 1148 818 Epicuri
1185 738 1427 818 profiterentur,
1466 748 1622 820 negantes

168 840 296 903 animas
325 850 457 903 nostras
486 860 660 920 superesse
691 851 767 921 post
790 841 938 904 obitum?
977 842 1099 905 Passim
1130 853 1164 904 et
1194 842 1246 904 hic
1273 841 1384 902 videre
1407 849 1465 911 est,
1496 842 1552 921 qui
1574 842 1621 903 sic

170 945 287 1021 vivant,
320 946 415 1026 quasi
444 964 511 1007 non
545 944 680 1007 credant
715 964 889 1025 superesse
920 946 1096 1026 quicquam
1130 966 1149 1007 a
1181 955 1295 1022 morte,
1328 944 1387 1006 sed
1421 964 1519 1007 nemo
1555 957 1621 1007 tarn

170 1048 317 1119 demens.
340 1049 396 1129 qui
420 1048 516 1110 huius
539 1047 708 1110 doctrinae
731 1048 781 1110 vel
806 1048 876 1111 dux
899 1068 973 1111 esse
994 1049 1070 1111 velit
1093 1048 1143 1110 vel
1166 1067 1289 1111 comes.
1328 1045 1622 1127 Quemadmodum
1648 1065 1663 1104 τ)

171 1162 202 1212 et
226 1150 408 1215 Nicolaitas
431 1152 575 1232 reperias
598 1151 789 1232 permultos,
812 1153 932 1233 quibus
955 1171 1079 1215 uxores
1102 1153 1165 1216 sint
1188 1172 1265 1216 cum
1289 1150 1399 1214 multis
1419 1171 1624 1231 communes,

171 1255 230 1317 sed
254 1256 352 1317 huius
375 1255 541 1338 dogmatis
563 1255 651 1318 nulla
674 1267 724 1319 est
746 1254 916 1335 professio,
946 1257 1073 1319 etiamsi
1097 1256 1198 1333 Plato,
1221 1255 1340 1318 nobilis
1367 1265 1473 1331 autor,
1495 1256 1539 1317 ab
1562 1256 1624 1318 hac

171 1359 334 1421 sententia
356 1377 424 1421 non
445 1359 626 1422 abhorruit.
671 1358 739 1423 Sed
771 1360 913 1422 obsecro
935 1369 976 1436 te,
1007 1361 1049 1423 mi
1084 1358 1225 1438 Slechta,
1255 1378 1296 1421 an
1327 1360 1409 1422 istos
1431 1378 1498 1422 non
1522 1360 1625 1439 pudet

172 1462 330 1544 appellari
354 1463 558 1525 haereticos?
582 1462 668 1526 Nihil
693 1463 755 1525 hoc
778 1464 909 1525 nomine
932 1463 1135 1543 probrosius,
1158 1482 1226 1544 quo
1248 1472 1358 1525 tamen
1380 1464 1454 1543 ipso
1475 1462 1624 1525 videntur

172 1567 305 1648 indigni.
329 1564 419 1646 Quid
441 1567 531 1628 enim
552 1567 663 1640 credit,
687 1566 743 1648 qui
765 1576 863 1648 negat
885 1567 1164 1631 immortalitatem
1180 1567 1381 1630 animarum?
1404 1565 1493 1646 Quid
1513 1566 1625 1629 tribuit
1640 1583 1665 1625 n

174 1670 351 1753 evangelio,
382 1672 438 1753 qui
460 1670 530 1733 vult
551 1689 677 1733 uxores
700 1689 774 1734 esse
797 1672 1021 1751 promiscuas?
1059 1672 1140 1735 Illud
1165 1672 1243 1733 mihi
1266 1671 1384 1734 mirum
1407 1671 1509 1734 videri
1531 1670 1625 1744 solet,

174 1774 251 1851 nihil
274 1774 457 1857 excogitari
479 1793 579 1854 posse
601 1783 669 1837 tam
684 1774 923 1855 prodigiosum,
946 1776 1024 1856 quin
1040 1796 1120 1839 suos
1136 1776 1277 1855 reperiat
1292 1784 1482 1838 sectatores.
1507 1774 1626 1854 Pytha-

174 1898 274 1960 goras
296 1877 464 1941 interdixit
480 1878 675 1940 mortalibus
691 1898 784 1941 esum
801 1878 959 1956 fabarum,
982 1889 1014 1942 et
1030 1881 1180 1961 repperit,
1203 1880 1259 1961 qui
1275 1879 1485 1942 abstinerent.
1509 1879 1626 1956 Fuere,

172 1984 227 2063 qui
249 1983 411 2045 docerent
441 2001 514 2045 esse
537 1984 637 2062 pium,
668 1992 703 2045 ut
729 1983 781 2044 filii
807 1994 976 2063 parentem
1000 1992 1155 2048 necarent
1179 1983 1383 2067 longaevum,
1413 1993 1445 2046 et
1475 1984 1644 2047 inventus·

171 2098 220 2148 est
242 2085 398 2168 populus,
428 2087 485 2168 qui
514 2086 548 2149 id
579 2087 757 2149 solenniter
788 2087 918 2150 faceret.
965 2088 1082 2166 Fuere,
1113 2089 1169 2170 qui
1199 2088 1346 2151 dicerent
1380 2088 1518 2167 impium
1551 2107 1624 2152 esse
1639 2103 1664 2145 ra

171 2193 347 2272 quicquam
381 2190 554 2269 possidere
588 2210 694 2266 suurn,
726 2200 758 2252 et
792 2193 899 2253 exorti
931 2202 1014 2271 sunt,
1049 2191 1332 2275 quemadmodum
1362 2201 1501 2254 testatur
1532 2192 1626 2255 divus

170 2295 374 2377 Augustinus
407 2294 440 2356 in
470 2291 631 2377 Catalogo
663 2294 973 2373 haeresiarcharum,
1004 2297 1059 2377 qui
1089 2297 1121 2358 in
1152 2296 1220 2358 otio
1248 2295 1406 2378 degentes
1438 2294 1626 2357 mendicato

170 2399 319 2475 viverent,
350 2416 390 2459 ac
420 2406 571 2461 caeteros
601 2397 689 2460 velut
720 2398 839 2477 impios
869 2418 888 2459 a
919 2419 981 2461 suo
1013 2400 1180 2462 consortio
1214 2401 1439 2473 semovebant,
1474 2400 1529 2480 qui
1559 2400 1627 2461 suis

170 2502 338 2565 laboribus
361 2511 524 2581 pararent,
547 2503 636 2566 unde
659 2523 784 2565 uxores
807 2501 932 2565 alerent
959 2522 998 2565 ac
1022 2504 1152 2566 liberos.
1197 2503 1310 2581 Erant,
1340 2505 1396 2586 qui
1419 2503 1525 2585 Judae
1549 2523 1626 2584 pro·

170 2605 265 2668 ditori
288 2604 409 2668 ferrent
433 2616 608 2685 acceptum
632 2606 721 2668 orbis
745 2606 908 2686 redempti
932 2607 1079 2684 salutem,
1104 2626 1165 2671 nec
1190 2607 1363 2670 defuerunt
1387 2606 1546 2688 discipuli,
1570 2608 1667 2687 quin
1706 2682 1710 2691 Ι

172 2710 261 2772 illum
283 2728 346 2790 pro
360 2727 493 2772 summo
516 2709 592 2771 divo
616 2710 771 2773 colerent.
794 2709 911 2785 Fuere,
934 2711 988 2791 qui
1012 2721 1103 2775 totos
1126 2711 1197 2775 dies
1220 2731 1279 2775 ore
1302 2722 1458 2774 sonarent
1480 2711 1627 2792 psalmos

174 2815 370 2887 innumeros,
394 2832 455 2876 nec
478 2814 606 2875 interim
630 2815 808 2894 quicquam
831 2814 920 2877 aliud
939 2825 1081 2897 agentes,
1103 2835 1164 2879 nec
1180 2815 1355 2879 defuerunt
1371 2816 1467 2878 huius
1483 2816 1627 2878 insaniae

174 2937 341 2997 sequaces.
381 2917 497 2994 Fuere,
528 2919 583 2998 qui
607 2917 754 2980 dicerent
776 2919 895 2998 impios
918 2940 985 2996 eos,
1013 2921 1068 3001 qui
1091 2930 1182 2983 caste
1205 2920 1351 2983 colerent
1375 2919 1628 2996 matrimonium,

174 3023 210 3085 iis
231 3022 330 3084 etiam
354 3022 590 3096 sceleratiores,
614 3023 668 3102 qui
692 3021 904 3102 postulabant
927 3043 1051 3086 uxores
1074 3044 1148 3087 esse
1172 3043 1373 3100 communes,
1396 3031 1429 3085 et
1449 3023 1481 3084 hi
1496 3022 1629 3087 titulum

173 3147 235 3190 suo
257 3127 348 3209 gregi
371 3127 452 3189 dare
468 3136 655 3206 potuerunt.
680 3126 796 3203 Fuere,
820 3126 874 3208 qui
891 3126 1068 3190 suaderent
1084 3131 1175 3208 pium
1191 3148 1272 3205 esse,
1295 3129 1322 3190 si
1338 3138 1492 3207 parentes
1508 3126 1671 3203 liberosaa

173 3252 250 3294 suos
273 3233 365 3294 vivos
388 3242 574 3308 exurerent,
597 3241 630 3295 et
653 3233 773 3295 inventi
797 3240 881 3308 sunt,
908 3233 1029 3313 quibus
1052 3233 1306 3312 persuaderetur
1330 3232 1452 3314 dogma
1475 3241 1543 3295 tam
1562 3232 1625 3294 im·

174 3336 273 3415 pium.
297 3333 396 3398 Adeo
419 3335 591 3398 credulum
614 3344 665 3397 est
686 3355 791 3418 genus
811 3336 1007 3414 mortalium,
1030 3346 1063 3399 et
1086 3347 1176 3399 tanta
1191 3346 1241 3399 est
1258 3337 1461 3417 ingeniorum
1478 3336 1628 3398 varietas.

176 3440 339 3521 Equidem
362 3442 491 3522 opinor,
514 3441 542 3502 si
565 3441 638 3520 quis
661 3441 829 3503 exoriatur
852 3459 948 3511 nunc,
981 3440 1037 3521 qui
1064 3439 1182 3502 doceat
1205 3441 1393 3523 religiosum
1417 3458 1498 3516 esse,
1522 3439 1548 3500 si
1571 3441 1630 3502 viri

175 3545 254 3619 nudi
276 3564 353 3606 cum
376 3543 504 3607 feminis
525 3543 622 3605 nudis
653 3543 771 3606 saltent
800 3545 833 3606 in
863 3543 944 3619 foro,
974 3561 1041 3604 non
1069 3542 1182 3607 defore
1213 3554 1322 3607 sectae
1345 3564 1425 3606 suos
1448 3541 1629 3623 discipulos

176 3667 213 3710 ac
236 3659 408 3728 patronos.
431 3647 510 3729 Quo
534 3649 638 3729 magis
660 3656 711 3710 est
734 3646 1065 3728 circumspiciendum
1088 3648 1135 3726 iis,
1158 3650 1214 3730 qui
1233 3648 1408 3710 autoritate
1430 3646 1563 3727 pollent,
1587 3661 1670 3710 nero

179 3753 255 3834 quid
279 3754 420 3816 doceant
443 3753 659 3830 instituantve,
682 3754 772 3834 quod
797 3772 862 3815 non
885 3753 1025 3834 quadret
1047 3753 1090 3815 ad
1107 3751 1226 3818 Christi
1250 3752 1405 3835 regulam.
1428 3749 1496 3815 Sed
1516 3751 1628 3814 huius-

179 3857 267 3919 modi
297 3859 468 3938 portentis,
501 3869 538 3919 ut
566 3878 624 3938 par
656 3869 714 3934 est,
749 3858 877 3919 omissis
908 3858 1116 3920 demonstras
1147 3868 1253 3921 totum
1286 3856 1464 3920 Bohemiae
1491 3875 1629 3939 regnum

179 3974 276 4043 atque
305 3963 405 4025 etiam
428 3962 596 4025 Moraviae
626 3962 890 4024 marchionatum
921 3963 953 4024 in
976 3973 1042 4024 tres
1065 3974 1172 4025 sectas
1203 3981 1275 4024 esse
1298 3962 1447 4024 divisum.
1486 3959 1628 4038 Utinam,

178 4066 222 4128 mi
243 4063 388 4146 Slechta,
417 4068 491 4147 pius
512 4067 628 4148 aliquis
651 4064 769 4127 artifex
800 4086 844 4127 ex
869 4065 929 4127 ista
952 4065 1056 4127 triade
1080 4066 1258 4128 monadem
1280 4064 1418 4128 faceretl
1456 4061 1523 4128 Sed
1548 4065 1628 4128 dum

181 4170 317 4252 quisque
337 4172 488 4250 privatim
510 4171 578 4232 suis
601 4169 714 4232 studet
737 4170 932 4245 commodis
956 4189 1016 4231 nec
1032 4169 1164 4250 publica
1181 4171 1265 4232 bene
1281 4170 1402 4234 habent
1418 4189 1479 4232 nec
1495 4171 1628 4250 privata,
1642 4184 1669 4226 ³⁵

181 4294 285 4355 neque
307 4275 373 4336 fere
396 4275 572 4356 quisquam
594 4275 783 4357 ingeniosus
805 4277 965 4339 invenitur
989 4278 1047 4338 nisi
1071 4276 1113 4338 ad
1137 4296 1183 4351 ea,
1208 4296 1293 4357 quae
1309 4286 1385 4338 sunt
1400 4274 1630 4356 philosophiae

183 4378 327 4461 vulgaris,
350 4397 445 4459 quae,
468 4389 505 4442 ut
526 4378 642 4458 ferunt,
673 4381 878 4445 moderatius
908 4381 998 4461 apud
1025 4382 1152 4444 Turcas
1177 4381 1299 4442 habent
1323 4400 1420 4462 quam
1445 4381 1536 4459 apud
1559 4399 1629 4442 nos.

184 4482 256 4546 Non
278 4482 397 4565 loquor
420 4483 463 4546 de
485 4484 636 4563 articulis,
660 4505 744 4566 quos
767 4486 810 4548 ad
833 4484 934 4547 fidem
956 4485 1187 4565 pertrahimus,
1220 4484 1279 4547 sed
1305 4484 1346 4546 de
1370 4485 1415 4561 iis,
1444 4484 1631 4565 exquibus

184 4608 243 4651 ceu
271 4587 416 4653 fontibus
450 4600 553 4655 scatet
589 4590 774 4673 evangelica
804 4591 917 4671 pietas,
951 4590 1100 4653 videlicet
1132 4611 1150 4652 e
1180 4598 1373 4670 contemptu
1409 4589 1631 4669 pecuniarum,

185 4713 203 4756 e
224 4704 415 4775 contemptu
439 4694 612 4770 honorum,
635 4715 653 4756 e
678 4696 905 4758 moderatione
924 4695 1111 4771 affectuum,
1133 4697 1209 4770 irae,
1233 4694 1308 4769 odii,
1331 4693 1476 4755 invidiae.
1500 4691 1672 4773 Quibusn

185 4799 414 4882 cupiditatibus
445 4799 471 4862 si
502 4799 574 4880 quis
604 4799 731 4874 serviat,
762 4820 885 4881 quaeso
918 4800 996 4880 quid
1030 4800 1155 4861 confert
1179 4800 1254 4861 fidei
1279 4797 1461 4880 professio?
1498 4795 1534 4858 Si
1557 4796 1632 4878 plus

183 4907 268 4987 apud
291 4925 351 4969 nos
375 4904 459 4968 valet
476 4906 617 4978 avaritia,
640 4905 667 4966 si
683 4905 757 4985 plus
773 4907 917 4982 ambitio,
941 4907 966 4967 si
985 4906 1084 4967 libido
1101 4904 1298 4980 sceleratior,
1322 4905 1348 4967 si
1364 4904 1477 4965 odium
1494 4903 1632 4978 saevius,

183 5012 207 5072 si
222 5010 303 5074 livor
318 5011 499 5097 nocentipr,
515 5011 542 5072 si
556 5010 754 5073 obtrectatio
771 5011 969 5083 venenatior,
993 5030 1153 5090 quorsum
1171 5011 1286 5071 attinet
1302 5008 1448 5088 profiteri
1465 5006 1632 5070 Christum

182 5116 212 5177 in
235 5116 298 5179 hoc
320 5115 443 5179 factum
467 5116 643 5192 hominem,
673 5126 708 5176 ut
731 5115 774 5176 ab
802 5114 852 5176 his
876 5116 974 5176 rebus
998 5134 1058 5176 nos
1081 5114 1255 5176 avocaret?
1295 5113 1388 5175 Haec
1412 5112 1489 5174 mihi
1513 5111 1633 5173 dicenti

182 5221 237 5302 qui
258 5240 453 5285 succensere
476 5221 572 5298 volet,
595 5229 788 5283 succenseat
811 5218 937 5300 Jacobo
961 5218 1123 5298 apostolo,
1147 5219 1202 5300 qui
1227 5217 1397 5300 diligenter
1421 5237 1458 5279 ac
1483 5215 1632 5296 pluribus
1645 5229 1673 5271 ⁴⁶

183 5328 290 5390 verbis
312 5327 394 5390 haec
417 5325 547 5390 disserit
570 5327 603 5388 in
626 5324 765 5406 epistola
788 5344 856 5388 sua.
881 5322 1013 5387 Sectam
1035 5325 1141 5407 igitur,
1172 5342 1271 5403 quam
1294 5330 1330 5385 tu
1353 5322 1463 5402 primo
1487 5321 1561 5384 loco
1585 5340 1635 5383 re-

1444 5456 1478 5509 6²²
