3674 5858
209 396 246 452 io
703 397 753 468 pn
771 383 886 453 siccin
904 398 1068 453 Ptoeckemu
1090 394 1167 453 1507.

209 613 290 675 illius
313 613 411 692 iniqui
434 631 472 673 ac
494 610 590 691 plane
612 610 811 690 impudentis
827 610 1069 674 calumniatoris
1084 613 1193 674 innata
1208 612 1306 673 animi
1321 610 1511 692 perversitas
1526 621 1559 673 et
1573 621 1662 674 tanta

210 714 456 777 maledictomm
479 718 760 798 conviciorumque
783 719 949 798 congeries
978 715 1121 778 funditus
1144 734 1262 789 eversa,
1292 724 1456 795 prostrata
1477 726 1510 776 et
1532 713 1663 777 disiecta

211 829 367 882 cernatur.
412 816 512 881 Cuius
543 821 673 899 insuper
703 822 950 899 procacissimae
962 820 986 901 ¹)
1017 839 1056 881 ac
1085 819 1311 881 stolidissimae
1337 819 1464 901 linguae
1493 817 1664 881 insolentia

211 925 357 1003 perpetui
373 921 485 985 silentii
501 923 619 985 debitis
635 925 831 1005 ignorantiae
846 924 978 988 vinculis
993 923 1142 1007 colligata
1158 931 1192 985 et
1206 924 1377 986 constricta
1392 936 1450 985 est.
1475 919 1663 1003 Numquam

182 1030 295 1096 renim
318 1025 500 1090 Bessarioni
522 1028 570 1090 vel
591 1028 785 1090 brevissimis
808 1029 904 1091 literis
919 1030 1054 1091 vicissim
1071 1027 1243 1089 rescribere
1259 1036 1315 1088 aut
1329 1024 1527 1105 respondere
1542 1025 1663 1106 aliquid

210 1151 308 1194 ausus
339 1131 404 1194 luit.
449 1132 524 1194 Non
555 1151 628 1193 sum
656 1133 785 1213 ignarus
816 1132 957 1193 eundem
990 1131 1166 1215 Georgium
1200 1131 1461 1212 Trapezuntium,
1494 1130 1662 1193 hominem

211 1236 357 1316 quamvis
379 1253 529 1318 graecum
553 1237 695 1316 utrisque
719 1246 828 1297 tamen
851 1237 948 1299 literis
969 1255 1072 1317 aeque
1094 1236 1265 1308 eruditum,
1289 1236 1389 1298 multa
1404 1237 1531 1318 egregia
1545 1235 1662 1317 ingenii

211 1341 257 1400 sui
281 1351 491 1402 monumenta
514 1338 686 1421 reliquisse,
709 1339 799 1420 quod
822 1343 1003 1419 perspicere
1026 1340 1099 1403 licet
1121 1360 1196 1402 cum
1226 1359 1269 1400 ex
1291 1339 1377 1401 libris
1407 1342 1475 1401 eius
1497 1339 1662 1402 rhetoricis

211 1454 280 1504 tum
303 1445 400 1506 etiam
423 1461 466 1504 ex
489 1442 546 1517 his,
569 1463 652 1524 quos
668 1443 827 1507 Eusebius
844 1444 998 1525 Pamphili
1014 1443 1055 1506 de
1071 1445 1315 1525 praeparatione
1330 1443 1511 1526 evangelica
1526 1460 1661 1524 graecos

173 1575 197 1616 ιο
211 1528 344 1626 reliquit,
366 1548 435 1626 ipse
457 1566 535 1609 vero
559 1547 652 1609 nobis
675 1548 793 1610 latinos
815 1547 971 1622 reddidit;
1002 1551 1082 1610 scire
1105 1559 1214 1609 tamen
1237 1567 1301 1609 non
1325 1565 1467 1627 possum,
1497 1565 1562 1627 qua
1586 1557 1661 1609 tunc

211 1651 342 1712 insanae
364 1652 479 1713 mentis
509 1651 598 1712 rabie
621 1653 805 1735 exagitatus
834 1671 941 1734 quove
971 1651 1058 1713 malo
1081 1652 1242 1714 daemone
1272 1654 1303 1713 in
1327 1661 1491 1715 tantorum
1514 1670 1658 1713 errorum

211 1755 360 1817 tenebras
383 1754 540 1835 impulsus
564 1755 738 1831 Platonem,
762 1755 1028 1835 philosophorum
1053 1753 1101 1839 (ut
1124 1755 1236 1819 Cicero
1251 1756 1366 1835 inquit)
1381 1753 1488 1828 deum,
1511 1765 1559 1817 tot
1575 1754 1660 1816 falsis

210 1869 241 1920 et
265 1860 386 1921 iniustis
409 1859 611 1921 contumeliis
639 1879 678 1921 ac
700 1861 816 1922 iniuriis
839 1859 976 1923 adficere
999 1872 1032 1924 et
1053 1861 1194 1923 lacerare
1224 1861 1483 1940 praesumpserit,
1513 1861 1570 1939 qui
1593 1878 1658 1921 non

209 1963 315 2024 solum
338 1964 380 2025 ab
403 1964 478 2043 ipsis
501 1965 645 2037 ethnitiS,
668 1966 892 2027 verumetiam
915 1986 935 2027 a
951 1967 1068 2028 nostris
1084 1967 1259 2045 principem
1275 1965 1382 2026 locum
1406 1965 1438 2024 in
1455 1962 1659 2043 philosophia

171 2094 196 2136 u
209 2066 315 2129 divina
337 2069 483 2130 obtinere
505 2088 571 2131 non
595 2071 766 2151 ignoratur.
811 2069 997 2132 Homuncio
1019 2069 1169 2149 equidem
1193 2087 1273 2143 suin,
1304 2071 1358 2149 qui
1389 2071 1442 2130 vix
1466 2085 1531 2130 non
1555 2068 1660 2129 dicam

206 2170 432 2251 philosophiae
454 2171 513 2233 sed
537 2171 710 2233 mediocris
732 2173 915 2235 literaturae
938 2173 1086 2235 umbram
1110 2173 1250 2252 aliquam
1274 2173 1400 2253 contigi,
1423 2171 1539 2233 nullius
1553 2181 1663 2233 tamen

206 2275 305 2335 iuravi
335 2275 367 2336 in
395 2276 493 2337 verba
523 2275 683 2358 magistri3
718 2279 848 2357 quoties
877 2286 987 2339 autem
1018 2276 1096 2338 mihi
1126 2276 1267 2338 Platonis
1301 2274 1482 2337 doctrinam
1515 2287 1547 2337 et
1582 2279 1665 2337 vitae

206 2380 423 2442 sinceritatem
452 2379 583 2441 laudare
613 2381 755 2462 contigit,
786 2383 881 2443 toties
911 2379 1120 2443 Aristotelem
1150 2380 1261 2441 debita
1292 2379 1387 2442 laude
1416 2379 1564 2441 fraudare
1597 2399 1664 2442 non

207 2484 307 2560 potui,
330 2484 445 2556 sciens,
476 2483 566 2564 quod
591 2485 621 2545 in
644 2493 784 2563 utroque
814 2495 923 2545 tantus
945 2486 1095 2546 scientiae
1125 2483 1279 2565 splendor
1301 2483 1427 2559 effulsit,
1463 2495 1497 2545 ut
1526 2483 1665 2546 alterum

167 2613 194 2654 m
207 2585 295 2647 alteri
313 2588 474 2666 praeferre
489 2606 555 2650 non
572 2589 684 2658 ausim,
699 2590 847 2668 quamvis
861 2590 893 2650 in
910 2589 1017 2651 multis
1035 2588 1201 2651 Platonem
1217 2589 1439 2669 potiusquam
1455 2586 1664 2649 Aristotelem

206 2693 297 2770 sequi
321 2710 387 2753 non
410 2692 601 2755 dubitarem.
624 2690 834 2771 Scripserunt,
859 2702 894 2754 ut
918 2695 1011 2769 uosti,
1038 2692 1130 2754 multi
1154 2704 1299 2753 veterum
1322 2693 1486 2753 orationes
1509 2702 1541 2752 et
1565 2692 1665 2753 libros

205 2795 377 2857 invectivos
397 2798 429 2857 in
445 2796 581 2876 aliquos,
605 2795 767 2858 nonnullis
790 2797 897 2859 forsan
922 2799 1040 2858 iniuriis
1063 2796 1175 2858 offensi
1207 2805 1239 2857 et
1269 2796 1414 2869 lacessiti,
1441 2795 1498 2856 sed
1522 2797 1667 2858 viventes

206 2899 237 2957 in
260 2899 358 2968 vivos,
381 2911 416 2962 ut
438 2898 608 2963 Sallustius
632 2903 663 2962 in
687 2900 732 2963 M.
757 2899 898 2962 Tullium
927 2912 958 2962 et
986 2899 1100 2962 Cicero
1125 2901 1247 2979 ipsein
1272 2896 1448 2961 Antonium
1472 2900 1583 2961 autin
1608 2899 1663 2962 Ti-

207 3004 373 3064 marchum
396 3003 643 3086 Philippumque
666 3006 906 3070 Demosthenes
930 3016 962 3067 et
985 3025 1027 3066 ex
1050 3007 1167 3066 nostris
1192 3003 1412 3081 Hieronymus
1442 3006 1473 3065 in
1497 3003 1663 3081 Rufinum,

167 3108 389 3176 ncuiusmodi
415 3127 468 3169 me
490 3112 608 3189 scripta
631 3112 762 3172 minime
785 3111 961 3173 delectant:
985 3111 1035 3171 hic
1058 3121 1166 3172 autem
1190 3109 1311 3170 nebulo
1326 3108 1413 3171 nulla
1428 3109 1535 3170 laesus
1550 3110 1666 3169 iniuria

208 3212 426 3274 inhominem
455 3224 620 3276 mortuum
651 3225 683 3275 et
707 3217 883 3277 innocuum
914 3217 1007 3276 nimis
1038 3215 1204 3276 salsissima
1235 3224 1267 3274 et
1295 3215 1492 3295 iniquissima
1525 3214 1665 3274 scribere

207 3335 272 3378 non
296 3315 432 3391 erubuit,
455 3318 559 3379 sciens
584 3317 661 3379 illud
685 3329 777 3380 vetus
801 3320 922 3382 dictum
954 3338 1027 3381 cum
1060 3319 1194 3380 mortuis
1225 3334 1291 3379 non
1322 3319 1380 3378 nisi
1410 3317 1512 3379 larvas
1542 3316 1665 3380 luctari.

207 3420 315 3500 Quare
337 3423 498 3482 ommissis
523 3423 586 3484 iam
610 3426 723 3485 ceteris
748 3423 946 3504 philosophis
970 3423 1135 3503 paululum
1167 3421 1210 3483 ad
1233 3418 1401 3482 Socratem
1425 3433 1457 3483 et
1479 3424 1548 3482 eius
1570 3422 1665 3483 disci-

208 3525 320 3603 pulum
336 3523 504 3587 Platonem
520 3526 665 3600 divertar,
681 3539 715 3590 ut
732 3547 869 3600 morum,
885 3529 1071 3590 eruditionis
1087 3537 1118 3589 et
1133 3528 1216 3588 vitae
1232 3525 1458 3588 dexteritatem
1473 3527 1505 3586 in
1522 3535 1665 3606 utroque

168 3629 324 3695 sosaniori
348 3639 466 3699 mente,
489 3647 588 3710 quam
612 3630 825 3693 calumniator
848 3632 966 3704 lecerit,
989 3633 1203 3711 inspiciamus.
1240 3629 1379 3691 Videtur
1402 3631 1487 3691 enim
1509 3627 1664 3692 Socrates

207 3735 274 3810 ipse
297 3732 517 3794 antecelluisse
540 3737 730 3796 auctoritate
754 3746 786 3796 et
810 3735 912 3817 gloria
934 3745 1060 3797 ceteros
1083 3736 1197 3807 omnis,
1228 3752 1329 3813 quum
1352 3735 1379 3794 ei
1404 3734 1458 3793 uni
1482 3734 1593 3814 (quem
1618 3734 1662 3795 ad

208 3835 342 3897 modum
367 3846 489 3898 veteres
513 3838 656 3916 produnt
677 3839 835 3913 historiae,
858 3839 947 3920 quod
964 3850 996 3901 et
1012 3838 1274 3900 doctissimorum
1290 3838 1458 3899 hominum
1474 3840 1664 3899 testimonio

209 3940 456 4023 comprobatur)
480 3941 682 4020 prudentiam
706 3962 743 4003 ac
766 3945 955 4022 sapientiam
980 3943 1147 4004 oraculum
1171 3941 1364 4021 Delphicum
1387 3940 1616 4003 adiudicaverit
1632 3954 1664 4003 et

209 4054 341 4123 propter
363 4046 519 4106 eximium
549 4047 664 4127 ingenii
696 4047 902 4126 splendorem
933 4066 971 4108 ac
1001 4065 1163 4110 summam
1185 4048 1338 4108 scientiae
1360 4047 1488 4123 copiam
1511 4054 1663 4106 terrestre

168 4147 376 4226 asquoddam
407 4148 564 4211 habeatur
595 4151 769 4212 oraculum.
815 4151 931 4231 Neque
958 4154 1045 4213 enirn
1075 4150 1217 4212 humana
1260 4151 1365 4212 solum
1395 4149 1568 4228 percalluit,
1603 4149 1663 4211 sed

206 4250 446 4329 philosophiam
477 4272 608 4333 quoque
638 4255 687 4332 (ut
717 4258 760 4317 ait
792 4254 919 4317 Marcus
942 4253 1069 4335 Cicero)
1100 4256 1221 4333 primus
1252 4254 1418 4316 devocavit
1449 4253 1593 4328 ecoe10,
1630 4257 1663 4315 in

208 4355 340 4416 urbibus
361 4354 529 4418 collocavit
551 4368 583 4420 et
611 4360 640 4420 in
665 4359 781 4420 domos
796 4359 976 4422 introduxit
991 4369 1024 4420 et
1046 4360 1151 4440 coegit
1174 4358 1215 4419 de
1238 4361 1301 4420 vita
1328 4367 1361 4419 et
1384 4359 1529 4419 moribus
1552 4359 1664 4439 deque

208 4461 304 4520 rebus
327 4461 420 4522 bonis
444 4481 481 4522 ac
505 4463 595 4524 malis
614 4483 776 4544 quaerere,
799 4475 834 4526 ut
856 4463 1091 4542 splendidiores
1107 4465 1233 4544 ingenio
1249 4465 1304 4523 viri
1320 4461 1496 4541 exemplari
1513 4463 1662 4542 quodam

207 4563 342 4624 coelitus
365 4563 507 4628 demisso
531 4567 645 4629 beatae
661 4570 745 4629 vitae
761 4570 918 4630 rationem
934 4567 1122 4648 effingerent
1139 4577 1171 4628 et
1187 4570 1284 4628 vitam
1300 4566 1435 4628 deorum
1459 4568 1664 4629 imitarentur

167 4668 238 4741 win
270 4670 368 4728 terris.
414 4666 558 4731 Gloriam
588 4669 737 4734 Socrates
771 4675 966 4752 contempsit
1001 4671 1182 4744 humanam,
1216 4671 1343 4733 cladem
1374 4670 1505 4731 humani
1535 4675 1666 4753 generis

208 4780 397 4848 aspernatus
419 4783 468 4835 est
491 4774 699 4853 voluptatem,
720 4776 912 4855 popularem
935 4794 1047 4836 auram
1070 4785 1102 4836 et
1125 4776 1226 4837 insani
1250 4775 1333 4856 vulgi
1357 4793 1394 4835 ac
1410 4774 1526 4836 stultae
1549 4774 1666 4854 plebe-

207 4876 297 4935 culae
321 4875 451 4955 plausus
475 4877 560 4940 velut
576 4897 704 4940 saevam
723 4894 848 4957 pestem
865 4879 954 4961 sugit,
977 4881 1121 4939 animum
1144 4888 1249 4940 totum
1266 4879 1307 4939 ad
1324 4897 1374 4939 res
1391 4877 1569 4957 praeclaras
1585 4900 1666 4941 con-

206 4977 285 5051 tulit,
315 4977 357 5039 ad
380 4981 572 5057 sapientiam
603 4993 788 5063 rectamque
819 4984 986 5056 rationem,
1017 4983 1059 5043 ad
1091 4981 1188 5043 finem
1217 4983 1376 5043 bonorum
1406 4982 1667 5080 assequendum,

207 5081 248 5142 ad
279 5085 445 5145 veritatem
479 5086 737 5164 perspiciendam
770 5106 903 5167 operam
938 5106 1070 5148 omnem
1104 5096 1137 5148 et
1166 5088 1394 5168 cogitationem
1439 5090 1596 5150 convertit
1632 5106 1666 5152 et

295 5291 301 5317 ¹
306 5305 314 5354 j
333 5289 403 5356 rltp:
422 5289 619 5356 procassimae.
