3674 5858
208 399 241 453 14
650 404 725 459 XVI.
743 406 774 459 R
793 404 918 460 Kriitolu
939 406 1120 461 Ssbeuetlovi
1139 406 1214 462 1500.

206 633 323 695 parum
351 615 397 677 ab
417 614 604 696 eloquentia
627 616 745 678 absum
776 624 808 678 et
833 626 867 679 te
896 616 1091 698 iampridem
1113 617 1145 680 in
1175 639 1214 681 ea
1237 619 1400 683 excellere
1430 631 1463 683 et
1493 630 1663 702 praestare

206 737 273 781 non
295 716 402 781 solum
419 719 496 781 mihi
519 718 692 782 sedetiam
711 721 776 783 tuis
799 720 1016 800 popularibus
1035 721 1139 784 video.
1164 721 1234 786 Nec
1250 723 1284 786 id
1307 723 1441 806 quidem
1457 744 1555 809 aegre
1578 725 1664 790 ferre

206 842 350 902 possum,
376 843 428 886 me
444 843 520 886 cum
537 822 609 906 (sic)
623 833 716 887 tanta
738 825 838 888 turba
860 824 1060 888 scholarium
1082 846 1102 888 a
1124 835 1157 889 te
1177 846 1253 905 uno,
1276 828 1331 910 qui
1354 828 1433 891 mihi
1450 829 1662 893 charissimus

207 946 336 1007 semper
370 928 527 991 extiteras
557 936 590 990 et
620 929 714 992 cuius
748 929 847 991 vitam
877 949 1009 1010 semper
1041 931 1215 1011 anteposui
1246 950 1347 1008 meae,
1381 931 1531 997 doctrina
1560 943 1663 1016 atque

179 1029 335 1112 singenio
358 1052 430 1094 esse
453 1042 655 1112 superatum.
690 1030 814 1096 Scribis
836 1052 927 1097 meas
957 1033 1070 1097 laudes
1093 1034 1125 1096 in
1147 1033 1234 1098 aliud
1257 1045 1388 1116 tempus
1415 1057 1592 1114 reservare,
1622 1057 1663 1101 ne

206 1155 327 1197 nomen
347 1135 528 1198 ¹adulatoris
550 1155 637 1199 nunc
660 1137 799 1200 subiisse
821 1136 976 1213 videaris;
1008 1136 1100 1219 quod
1123 1138 1231 1219 ipsum
1254 1141 1442 1221 probarem,
1469 1141 1530 1204 nisi
1552 1143 1586 1204 in
1609 1161 1663 1205 me

207 1239 373 1302 laudando
396 1239 655 1303 moderationem
671 1241 880 1304 excessisses.
904 1239 1038 1305 Nomen
1060 1240 1241 1305 adulatoris
1256 1244 1284 1305 si
1306 1243 1418 1326 fugies,
1440 1245 1663 1326 suspicionem

206 1343 307 1405 vitare
329 1363 395 1406 non
411 1344 543 1424 poteris.
567 1343 733 1424 Quocirca
754 1353 787 1408 te
810 1354 843 1408 et
863 1365 924 1410 oro
948 1355 980 1408 et
997 1346 1147 1423 obsecro,
1170 1365 1211 1409 ne
1226 1347 1258 1409 in
1281 1349 1362 1411 meis
1377 1347 1531 1413 laudibus
1553 1351 1664 1414 minus

208 1447 378 1511 modestus
401 1449 523 1512 existes
546 1444 629 1532 (sic),
659 1457 695 1511 ut
717 1468 771 1512 me
794 1469 892 1513 ornes
915 1449 1077 1522 laudibus,
1104 1470 1172 1513 non
1194 1460 1305 1514 autem
1328 1471 1454 1531 oneres,
1476 1463 1509 1515 et
1531 1463 1569 1516 ut
1592 1454 1663 1533 ipsa

170 1575 195 1617 ro
208 1551 301 1628 fama,
325 1571 409 1634 quae
431 1552 474 1615 de
497 1571 549 1615 me
564 1553 814 1634 percrebruerit,
838 1552 969 1616 laudem
993 1554 1151 1636 consequi
1173 1556 1311 1635 possim3
1335 1555 1426 1637 quod
1442 1565 1475 1619 te
1498 1555 1666 1625 facturum

207 1675 279 1718 esse
301 1676 367 1719 non
391 1655 517 1730 dubito,
540 1658 696 1739 quoniam
719 1677 812 1722 meae
834 1658 993 1722 voluntati
1014 1676 1184 1740 nunquam
1207 1657 1346 1723 defuisti.
1380 1659 1501 1741 Vale.¹)

892 2022 981 2086 xvi.

598 2179 744 2256 Racek
771 2179 958 2255 Kridtofu
986 2178 1273 2256 Scheuerlovi.

293 2368 327 2434 (v
348 2368 477 2423 Bononll
498 2367 725 2436 montetum
743 2367 916 2437 plidinlivost
934 2385 951 2421 a
969 2368 1064 2423 sluine
1083 2386 1179 2439 mravy
1198 2367 1367 2440 Kriitofovy,
1384 2369 1464 2440 jimii
1483 2372 1537 2425 nad
1557 2372 1662 2426 mnohk

207 2455 311 2524 rodlky
329 2455 378 2508 sve
397 2454 516 2508 chvalne
541 2454 651 2525 vyniul,
676 2454 684 2508 i
709 2454 781 2508 viati
805 2471 861 2522 mu,
888 2455 1009 2509 setrvdli
1035 2474 1054 2509 v
1078 2456 1202 2523 dobrem,
1227 2455 1259 2511 ie
1283 2458 1382 2511 vellrou
1406 2457 1478 2512 bude
1505 2457 1587 2511 vlasti
1612 2459 1662 2511 sul

208 2540 356 2594 chloubou.
392 2542 445 2594 Pro
471 2548 531 2611 tyto
555 2542 644 2611 pekne
662 2542 808 2596 vlastnosti
826 2541 908 2596 avolil
927 2544 977 2612 pry
995 2543 1018 2597 si
1034 2542 1072 2612 jej
1097 2560 1132 2597 za
1148 2544 1245 2614 plltele
1268 2544 1402 2612 pominuv
1420 2545 1521 2599 vlastnl
1539 2544 1662 2617 kmjany,

210 2629 253 2681 Na
271 2627 360 2681 lionec
379 2629 487 2699 vyzyvd
502 2627 548 2697 jej,
567 2628 621 2700 aby
640 2627 791 2697 tanechaje
810 2629 955 2683 cestovdnl
974 2646 1008 2684 co
1028 2629 1150 2699 nejdl‘lve
1169 2632 1205 2684 do
1222 2631 1349 2685 Bononio
1367 2632 1386 2686 k
1403 2631 1516 2686 studilm
1528 2648 1561 2685 se
1573 2631 1654 2686 vrdtii

207 2713 287 2781 (List
306 2713 365 2770 tiit.
382 2715 433 2769 cis.
451 2716 496 2784 Χ)

295 2945 478 3008 Rodericus
502 2945 678 3009 Dubravus
701 2943 907 3009 Christoforo
931 2945 1089 3011 Scheuerl
1113 2945 1383 3031 Norimbergensi
1405 2949 1478 3013 sd.
1502 2947 1659 3033 Magnam

210 3051 260 3113 hic
276 3049 516 3114 Germanorum
532 3048 757 3132 frequentiam,
780 3050 835 3132 qui
850 3070 913 3130 pro
933 3050 1032 3114 literis
1055 3052 1270 3132 capescendis
1293 3052 1357 3116 huc
1377 3053 1438 3116 iter
1459 3053 1665 3131 direxerunt,

208 3154 386 3235 conspicio.
422 3152 486 3217 Alii
508 3154 632 3236 optima
655 3153 765 3217 indole
788 3153 927 3235 praediti
949 3153 1071 3218 nullam
1097 3164 1207 3218 tamen
1231 3155 1297 3219 fere
1320 3175 1456 3236 operam
1480 3155 1580 3220 literis
1601 3157 1662 3220 im·

171 3260 361 3338 15pertiunt,
391 3259 502 3320 irretiti
525 3258 685 3321 illecebris
708 3256 897 3337 mulierum;
927 3259 978 3320 alii
1002 3259 1130 3341 ingenio
1160 3258 1335 3336 excellunt,
1364 3259 1514 3322 doctrina
1542 3261 1663 3326 eruditi

209 3373 292 3440 sunt,
315 3362 521 3444 multumque
544 3382 666 3443 operae
688 3362 720 3424 in
737 3360 846 3425 literas
869 3360 1049 3439 conferunt,
1073 3361 1132 3426 sed
1154 3373 1312 3445 tanquam
1334 3362 1377 3425 ad
1393 3363 1516 3428 malum
1536 3366 1603 3428 nati
1627 3384 1664 3430 se

209 3487 284 3529 cum
318 3466 506 3529 hominibus
540 3465 669 3529 nefariis
702 3467 913 3549 coniungunt,
946 3466 1111 3545 conviviis,
1148 3465 1233 3531 ludis
1267 3468 1525 3550 potionibusque
1558 3469 1663 3533 dediti

209 3572 363 3646 existunt,
385 3580 422 3633 ut
437 3569 568 3633 difficile
590 3571 639 3646 sit,
663 3568 811 3651 quamvis
834 3569 968 3651 optimis
984 3569 1163 3650 disciplinis
1186 3571 1376 3635 incumbant
1407 3592 1466 3635 cos
1489 3573 1522 3634 in
1538 3573 1663 3637 bonam

209 3676 334 3758 frugem
350 3674 498 3738 evadere.
523 3673 586 3738 Alii
609 3694 688 3737 vero
704 3683 873 3754 spectatae
896 3674 1024 3738 virtutis
1039 3683 1139 3756 atque
1158 3675 1354 3755 prudentiae
1376 3696 1412 3739 se
1434 3674 1478 3738 ad
1501 3695 1562 3739 eos
1575 3676 1664 3740 viros

168 3810 196 3852 ω
210 3780 389 3856 conferunt,
416 3797 559 3861 quorum
582 3778 734 3842 doctrina
756 3787 856 3860 atque
878 3777 1038 3859 sapientia
1061 3777 1151 3841 docti
1174 3780 1405 3860 sapientesque
1427 3778 1497 3842 lieri
1519 3780 1665 3860 possint;

209 3884 285 3946 nihil
301 3884 387 3946 enim
409 3883 536 3945 virtutis
550 3882 593 3944 ab
612 3883 659 3945 eis
674 3882 952 3963 praetermittitur.
976 3880 1020 3943 Hi
1036 3880 1265 3944 adolescentes
1287 3880 1437 3963 profecto
1452 3882 1486 3945 in
1500 3882 1663 3962 optimam

209 3997 336 4068 partem
352 3995 607 4070 cognoscuntur,
630 3995 706 4050 sunt
728 3986 848 4050 eximia
864 3985 1107 4066 pulchritudine
1131 3987 1279 4066 praediti,
1300 4005 1373 4049 eam
1389 3985 1537 4050 honestis
1558 3987 1665 4051 actio·

210 4094 305 4157 nibus
329 4093 484 4156 omnibus
506 4093 624 4172 spretis
646 4092 729 4155 vitiis
751 4111 914 4153 exornare
936 4101 1106 4154 conantur.
1131 4089 1217 4154 Nihil
1241 4091 1327 4154 enim
1350 4091 1569 4171 praestantius
1593 4090 1665 4157 fieri

210 4206 329 4279 potest,
359 4214 458 4278 quam
482 4195 510 4256 si
531 4193 573 4257 ad
598 4195 686 4257 bona
708 4195 857 4274 corporis
881 4194 969 4257 bona
992 4195 1090 4256 etiam
1117 4195 1214 4257 animi
1237 4194 1405 4256 accedant.
1439 4192 1494 4256 Ex
1516 4213 1664 4276 quorum

169 4327 197 4370 ca
211 4320 348 4364 numero
364 4309 403 4362 tu
423 4298 502 4361 mihi
518 4317 592 4362 esse
614 4299 740 4376 videris,
763 4299 807 4360 mi
823 4296 1035 4361 Christofore.
1058 4295 1142 4361 Cum
1162 4317 1277 4362 omnes
1292 4299 1439 4361 actiones
1460 4308 1536 4361 tuas
1551 4300 1665 4365 animo

210 4405 394 4481 consider0,
417 4403 581 4484 perspicio
596 4412 629 4465 te
652 4403 747 4465 bonis
771 4403 921 4483 corporis
936 4403 1001 4465 tuis
1017 4400 1190 4465 Germanis
1212 4422 1286 4465 esse
1302 4420 1426 4483 parem,
1447 4402 1567 4466 virtute
1583 4422 1665 4467 vero

210 4520 310 4592 atque
332 4508 481 4572 doctrina
504 4517 537 4570 te
558 4527 631 4570 esse
654 4507 936 4588 praestantiorem,
963 4516 999 4569 ut
1022 4507 1139 4569 merito
1163 4504 1205 4568 de
1228 4516 1260 4568 te
1282 4505 1346 4569 dici
1369 4505 1481 4585 possit,
1503 4505 1599 4586 quod
1622 4506 1667 4571 dc

209 4614 363 4696 Augusto
386 4611 503 4677 Cicero
533 4612 654 4689 scribit,
683 4611 740 4692 qui
770 4620 911 4674 aetatem
942 4610 1060 4673 virtute
1090 4611 1268 4690 superasti;
1298 4628 1342 4672 ex
1369 4624 1437 4690 quo
1467 4607 1555 4672 nulla
1584 4609 1666 4672 mihi

209 4719 338 4781 inicitur
360 4716 531 4792 dubitatio,
562 4716 648 4798 quin,
678 4716 706 4777 si
727 4714 786 4777 tibi
808 4715 873 4776 vita
903 4714 1079 4796 continget,
1106 4714 1150 4777 sis
1173 4713 1355 4779 maximum
1384 4711 1515 4776 futurus
1538 4714 1667 4793 patriae

169 4844 197 4886 uo
210 4834 286 4886 tuae
302 4831 540 4887 ornamentum.
564 4819 637 4884 Hae
653 4819 859 4901 potissimum
876 4837 1005 4894 causae,
1028 4818 1184 4898 despecta
1201 4826 1493 4881 conterraneorum
1510 4832 1664 4882 meorum

298 5063 317 5128 ¹)
336 5062 360 5114 K
378 5061 551 5130 urditejilmu
570 5061 683 5113 vrodenl
702 5058 766 5113 listu
784 5060 883 5112 tohoto
898 5057 954 5127 jest
973 5075 989 5109 v
1009 5061 1072 5111 nem
1093 5058 1165 5111 milo
1183 5057 1330 5125 pomtcek.
1364 5056 1435 5126 Jisto
1450 5055 1515 5126 jest‚
1539 5054 1573 5109 ie
1595 5056 1666 5126 pstn

209 5149 257 5219 byl
281 5148 395 5212 vitalii,
418 5166 435 5203 a
457 5146 600 5217 ponevadi
619 5147 692 5200 hned
718 5162 754 5200 na
776 5146 894 5215 poditlru
920 5146 1010 5199 Rueck
1035 5145 1155 5213 zmihuje
1180 5161 1210 5198 se
1235 5160 1252 5197 o
1276 5144 1356 5197 svkm
1382 5143 1512 5197 vadilenl
1534 5157 1550 5197 ι
1573 5143 1667 5198 Bono·

211 5236 265 5300 nie,
290 5235 426 5303 mdleme,
444 5236 536 5301 tulfm,
559 5235 605 5288 list
628 5232 740 5302 pololiti
765 5249 802 5286 na
825 5233 874 5287 rok
899 5230 975 5297 1500,
1000 5233 1055 5302 lrdy
1078 5231 1124 5301 byl
1148 5230 1248 5303 pisatel
1272 5245 1287 5285 z
1312 5217 1393 5284 illma
1417 5230 1453 5284 do
1478 5229 1611 5286 Bononio
1635 5247 1668 5284 ss

212 5327 276 5393 opet
297 5323 385 5378 vritil.
