3674 5858
574 414 680 470 thlav
698 416 817 486 Plseclrv
836 416 918 470 Petru
937 417 1103 472 Plseckemu
1123 414 1198 471 1510.
1573 414 1609 470 63

187 635 250 699 enim
268 650 393 692 morem
415 628 544 712 dialogi,
569 630 601 690 in
624 649 691 709 quo
715 628 791 691 nihil
808 629 948 691 habetur
965 629 1198 710 dogmaticum,
1222 628 1425 709 quodetiam
1443 627 1485 690 de
1503 628 1609 691 Plato·

187 739 244 801 nicis
262 733 377 796 eruditi
393 742 571 795 autumant.
596 732 697 795 Volui
717 753 770 795 me
785 754 942 795 exercere
957 734 1054 795 etiam
1077 733 1108 794 in
1124 734 1187 795 isto
1204 733 1333 794 dicendi
1350 751 1470 814 genere
1486 733 1610 813 graecis

188 841 285 904 interim
306 837 350 900 ad
373 857 509 917 parvam
533 836 695 899 morulam
719 838 920 913 intermissis
943 846 979 899 ut
1001 837 1060 898 tibi
1083 856 1217 898 usuram
1240 835 1401 897 incivilem
1425 835 1610 914 persolvam

189 956 211 1006 et
232 941 440 1004 immodicam.
487 941 615 1003 Deinde
645 940 687 1002 ad
720 959 839 1022 graeca
868 960 981 1002 rursus
1012 941 1136 1001 maiore
1166 959 1242 1001 curn
1272 940 1392 1001 affectu
1423 951 1456 1002 et
1486 942 1609 1019 impetu

173 1065 304 1130 ,gressum
336 1044 483 1117 reseram,
512 1042 604 1124 quod
628 1054 660 1106 et
683 1043 776 1106 facio.
815 1044 908 1106 Vale.
947 1043 1126 1105 Dominum
1156 1043 1453 1105 administratorem
1485 1043 1610 1105 salvere
1637 1067 1651 1108 o

188 1152 267 1212 iubeo.
288 1149 455 1212 Bononiae
477 1148 586 1211 XXV.
611 1146 818 1227 Septembris
841 1168 928 1209 anno
952 1145 1071 1211 Christi
1095 1146 1204 1209 MDX.

843 1459 927 1522 XIX.

470 1597 635 1673 vaclav
663 1597 846 1694 Pisecky
874 1600 1002 1672 Petru
1031 1597 1297 1673 Piseckemu.

250 1789 418 1842 VBononll
438 1787 515 1842 1510
533 1816 567 1826 -
587 1788 642 1842 26.
668 1785 738 1842 thil.
776 1787 873 1841 ehvalt
899 1789 1019 1841 Petrovu
1044 1788 1140 1850 touhu,
1163 1788 1217 1858 aby
1242 1790 1277 1840 do
1302 1788 1380 1842 ltalie
1405 1806 1440 1842 na
1465 1789 1555 1842 studie
1580 1806 1609 1842 se

189 1874 355 1945 nohlvydah',
378 1876 386 1928 i
412 1875 480 1929 udill
500 1892 546 1928 mu
565 1892 583 1926 v
601 1876 659 1929 teto
678 1875 784 1943 pilcine
810 1875 922 1928 nektere
940 1875 1052 1944 pokyny
1071 1892 1103 1927 ze
1122 1875 1282 1927 zkusenosti
1302 1875 1410 1928 vlastnl.
1447 1876 1610 1930 VBononii

188 1963 222 2029 pri
235 1962 383 2016 mamenite
403 1961 512 2031 vyucujl
532 1963 656 2030 pravam,
675 1963 814 2025 lekaistvi,
833 1979 888 2015 ano
907 1962 915 2014 i
934 1961 1110 2030 disciplinam
1131 1962 1375 2031 humanisticlrym,
1400 1962 1485 2015 toliko
1504 1964 1611 2017 iectina

187 2051 310 2115 plotovina
332 2057 362 2103 tu
386 2049 450 2119 hyla
473 2050 509 2102 do
535 2051 663 2103 nedavna
689 2051 886 2103 nedostatednd
911 2066 927 2101 a
953 2050 1034 2101 mene
1059 2048 1110 2102 nel
1135 2067 1152 2100 v
1171 2050 1292 2102 Padovo.
1329 2050 1421 2117 Teprv
1446 2049 1609 2117 plidinenim

188 2134 312 2190 Pisecleho
336 2139 452 2204 opatien
476 2137 561 2206 ieclry
580 2137 677 2191 lelrtor.
713 2137 752 2190 Za
775 2145 804 2191 to
829 2140 955 2189 stastnou
984 2137 1113 2188 nahodou
1140 2136 1215 2189 mohl
1243 2139 1293 2205 pr)l
1317 2137 1413 2204 pisatel
1434 2136 1610 2205 poslouchati

187 2224 251 2276 olene
266 2224 420 2294 plednasky
439 2224 571 2292 Scipiona
590 2224 829 2277 Kartheromacha
848 2223 856 2275 i
875 2223 999 2291 polrrodil
1019 2224 1086 2293 nynl
1108 2242 1126 2275 v
1144 2224 1250 2276 ledrine
1269 2224 1323 2284 talc,
1347 2224 1379 2277 ie
1397 2224 1478 2277 mllie
1503 2242 1518 2277 z
1537 2224 1609 2277 kneh

187 2311 276 2363 olitise
299 2311 361 2364 dale
383 2311 452 2363 sam.
487 2310 567 2380 Jinak
593 2310 759 2364 Piseclremu
785 2311 862 2363 Italic
885 2326 916 2361 se
941 2311 1034 2372 nellbl,
1059 2309 1067 2361 i
1092 2310 1150 2362 radi
1173 2309 1293 2372 Petrovi,
1320 2310 1375 2380 aby
1400 2311 1503 2378 napied
1527 2311 1611 2364 doma

187 2397 317 2450 sdostatelr
341 2399 455 2451 hmotne
481 2416 511 2450 se
535 2398 642 2465 opatiil
666 2397 717 2451 nei
741 2415 800 2451 sern
820 2415 850 2450 se
868 2398 949 2467 vyda‚
972 2397 1098 2462 zejmena
1122 2396 1176 2465 aby
1199 2413 1266 2464 prve
1291 2398 1383 2450 hledel
1406 2398 1490 2451 doma
1515 2397 1610 2467 nabvri

187 2482 289 2537 hodnosti
308 2484 449 2551 mistrslr6;
474 2484 560 2538 nebor
577 2485 700 2538 obekava
724 2486 773 2553 pr)l
791 2485 855 2537 talre
871 2484 938 2551 jeho
957 2484 1021 2536 dhol
1039 2484 1130 2552 teiky',
1155 2483 1278 2551 naprava
1302 2484 1369 2537 toria
1388 2485 1510 2537 bidneno
1529 2493 1610 2540 stavu

187 2570 310 2642 university
334 2571 461 2625 Prarske.
499 2572 633 2625 Konedne
658 2572 779 2640 potizuje
805 2590 821 2624 o
846 2574 894 2625 sve
914 2572 1055 2625 lmihovne
1079 2589 1096 2625 a
1123 2571 1269 2639 oznamuje
1289 2573 1405 2640 pilchod
1433 2572 1556 2641 papeihv
1575 2573 1610 2626 do

188 2655 294 2712 Bononie.
323 2660 404 2726 (List
422 2659 481 2727 rlrp.
500 2659 549 2712 cis.
568 2658 627 2728 IX.)

250 2835 449 2899 Venceslaus
472 2836 617 2899 Boiimus
641 2837 738 2898 Petro
763 2836 913 2912 Piscensi,
937 2837 1067 2899 erudito
1090 2837 1122 2897 in
1137 2837 1265 2899 artibus
1289 2836 1400 2899 liberis
1416 2837 1612 2914 baccalari0‚

190 2936 280 3019 hospiti
301 2942 422 3004 domus
446 2941 589 3023 Reginae
612 2962 635 3003 s.
661 2962 691 3021 p.
715 2941 736 3002 d
771 2941 902 3003 Videris
926 2941 1003 3002 mihi
1028 2943 1071 3003 ita
1093 2951 1126 3003 te
1144 2943 1175 3002 in
1191 2941 1307 3003 studiis
1324 2961 1446 3023 gerere,
1470 2952 1506 3003 ut
1523 2941 1611 3004 nulla

190 3043 216 3103 sit
227 3045 293 3121 dies,
314 3047 347 3108 in
363 3067 428 3126 qua
444 3065 510 3109 non
526 3045 644 3107 lineam
664 3045 783 3122 ducas;
800 3044 1078 3126 quandoquidem,
1102 3044 1193 3126 quod
1208 3045 1320 3107 literae
1335 3055 1413 3107 tuae
1436 3044 1611 3121 declarant,

190 3154 255 3209 tanto
274 3169 349 3212 cum
377 3149 497 3212 affectu
530 3150 645 3213 Italam
676 3160 797 3212 terram
828 3149 972 3212 incolere
1003 3149 1180 3225 desideras,
1210 3159 1246 3211 ut
1277 3149 1354 3211 nihil
1385 3169 1493 3230 supra.
1539 3149 1652 3211 Necro

191 3251 251 3312 enim
276 3252 370 3315 aliam
402 3254 448 3317 ob
481 3274 548 3316 rem
579 3254 688 3316 Italiae
719 3275 839 3317 nomen
874 3255 963 3334 apud
992 3263 1024 3316 te
1054 3264 1121 3316 tam
1152 3255 1385 3331 venerandum,
1415 3273 1476 3315 nec
1503 3255 1613 3332 ipsum

191 3349 289 3418 Latium
319 3357 427 3419 solum
458 3359 517 3420 tibi
547 3359 773 3438 expetendum
804 3380 886 3433 reor,
918 3359 975 3421 nisi
1008 3359 1173 3421 literarum
1198 3379 1323 3421 caussa.
1371 3358 1456 3420 Hinc
1487 3368 1545 3433 est,
1576 3368 1612 3420 ut

192 3453 306 3523 lacillime
329 3464 491 3538 coniecto,
514 3463 605 3543 quod
628 3464 687 3525 tibi
711 3464 865 3526 viaticum
892 3473 925 3524 et
958 3466 1001 3524 rei
1035 3463 1193 3525 literariae
1220 3483 1318 3544 paras
1341 3473 1373 3525 et
1397 3463 1611 3542 pecuniariae,

192 3569 216 3620 ut
230 3563 264 3625 ita
282 3576 424 3646 utroque
448 3565 675 3630 suffarcinatus
698 3567 879 3629 Bononiam
903 3567 1046 3639 advoles‚
1070 3587 1168 3648 quam
1193 3569 1275 3629 miro
1299 3567 1482 3629 admodum
1506 3566 1610 3628 laudis

192 3672 335 3740 praeconio
371 3671 511 3748 extollis,
546 3672 666 3752 cuique
697 3681 787 3733 tanta
821 3672 947 3746 tribuis,
982 3681 1104 3751 quanta
1138 3672 1250 3734 nescio
1285 3692 1326 3734 an
1357 3671 1406 3732 vel
1431 3669 1649 3752 aliquand015

192 3765 317 3852 habuerit,
340 3776 391 3838 vel
415 3795 560 3857 unquam
584 3777 625 3837 sit
647 3785 828 3855 speratura.
852 3775 901 3837 Te
917 3786 1027 3838 tamen
1047 3785 1137 3837 tanta
1160 3776 1252 3838 istius
1268 3777 1313 3837 rei
1329 3777 1415 3856 capit
1431 3776 1609 3853 persnasi0,

193 3879 256 3949 quasi
274 3881 304 3942 in
326 3901 367 3942 ea
389 3880 482 3944 lactis
505 3881 602 3942 etiam
619 3880 795 3962 gallinacei,
820 3891 855 3942 ut
875 3880 1000 3954 dicitur,
1025 3880 1178 3942 haustum
1202 3900 1334 3960 sperare
1351 3881 1466 3959 possis.
1491 3879 1609 3960 quue

193 3972 222 4049 fil,
237 3991 266 4044 ut
285 3985 349 4047 hoc
373 4004 475 4048 unum
499 3993 625 4064 optare,
649 3984 712 4046 hoc
737 3984 853 4061 moliri,
877 3984 940 4046 hoc
964 3985 1109 4065 cogitare
1132 3985 1281 4060 videaris,
1304 3993 1340 4045 ut
1362 3984 1530 4046 Bononiae
1545 3985 1608 4046 sub

193 4083 279 4147 vexillo
301 4087 444 4149 literario
468 4089 605 4149 militare
629 4108 728 4168 quam
751 4091 893 4168 primum
919 4089 1033 4166 possis.
1058 4086 1166 4167 Quem
1191 4087 1287 4167 plane
1310 4088 1463 4150 aflectum
1487 4109 1549 4170 ego
1565 4091 1609 4150 ita

193 4188 277 4267 probo,
298 4200 334 4253 ut
357 4191 500 4266 laudem,
527 4194 571 4254 ita
595 4194 735 4255 vicissim
760 4193 868 4269 laud0,
900 4193 943 4253 ita
966 4193 1083 4272 probb,
1111 4193 1137 4254 si
1169 4210 1243 4253 eum
1268 4202 1359 4254 recto
1384 4193 1649 4259 moderaberisao

193 4293 303 4368 consilio,
327 4297 418 4376 quod
443 4316 506 4379 ego
529 4317 591 4377 pro
614 4299 754 4359 amicitia
770 4307 882 4359 nostra
905 4298 962 4360 tibi
980 4296 1145 4376 impartire
1168 4296 1253 4358 volu.
1279 4296 1411 4359 Videris
1428 4298 1512 4358 enim
1529 4296 1608 4358 illud

137 4404 141 4527 ἰ
192 4399 306 4461 oratione
328 4400 474 4480 quadarn
497 4399 630 4482 obliqua
653 4410 817 4481 expetere.
850 4401 895 4463 lta
919 4402 1013 4483 igitur
1037 4400 1132 4462 velim
1156 4400 1249 4462 habe.
1289 4400 1436 4462 Bononia
1459 4402 1524 4463 hoc
1548 4402 1607 4462 sibi

190 4502 310 4565 anultis
339 4505 405 4565 iarn
428 4504 566 4566 saeculis
589 4524 750 4567 annorum
775 4506 968 4578 vindicabat,
992 4515 1027 4566 ut
1052 4503 1316 4568 florentissimum
1348 4506 1379 4566 in
1401 4526 1440 4567 ea
1463 4505 1608 4567 studium

188 4609 210 4660 tl
224 4605 256 4667 sit
276 4617 308 4669 et
330 4608 501 4671 habeatur.
524 4607 625 4689 Quod
648 4619 738 4671 certe
762 4629 879 4691 magna
902 4629 944 4671 ex
967 4619 1060 4688 parte
1083 4628 1198 4670 verum
1221 4619 1280 4681 est,
1305 4609 1330 4671 si
1347 4609 1419 4690 quis
1435 4609 1484 4670 vel
1501 4609 1609 4671 nodos

187 4699 269 4788 legum
291 4710 479 4794 intelligere,
510 4711 560 4774 vel
592 4713 840 4775 humanioribus
868 4713 966 4775 literis
997 4733 1070 4775 sese
1098 4713 1253 4775 excolere
1276 4713 1361 4785 velit,
1392 4723 1448 4774 aut
1472 4714 1497 4773 si
1522 4732 1648 4778 mor-as

184 4807 278 4876 borum
296 4815 440 4878 latebras
455 4825 488 4878 et
504 4817 644 4899 origines
669 4819 777 4879 rimari
801 4818 918 4897 cupiat.
945 4815 1120 4881 Caeterum
1144 4837 1210 4879 non
1232 4836 1336 4897 usque
1352 4817 1437 4878 adeo
1453 4817 1608 4892 excrevit,

181 4924 211 4992 ul
230 4920 317 5000 quod
341 4919 460 4983 Graeci
483 4922 572 4983 aiunt
600 4921 951 5001 »Encyclopaediam‹,
975 4922 1037 4983 hoc
1059 4931 1108 4983 est
1128 4923 1241 4983 orbem
1267 4921 1357 4983 illurn
1375 4921 1607 4992 doctrinarum,

176 5021 222 5097 vel,
247 5033 283 5085 ut
305 5034 341 5085 tu
365 5025 522 5101 nominas,
561 5024 701 5086 »fontem
726 5025 872 5086 omniurn
903 5025 1064 5087 bonarum
1088 5027 1225 5088 artium«
1253 5024 1315 5086 illic
1340 5025 1489 5086 invenias.
1536 5022 1607 5085 Nec

172 5126 245 5188 enim
272 5127 517 5207 philosophiam
547 5128 634 5190 illam
665 5131 841 5210 antiquam,
870 5129 934 5191 hoc
965 5140 1014 5192 est
1044 5131 1212 5209 puriorem
1243 5138 1275 5190 et
1302 5128 1486 5210 elegantem
1509 5127 1608 5190 docet

167 5231 218 5292 sed
240 5242 396 5308 nostram,
429 5232 493 5295 hoc
517 5243 567 5296 est
590 5234 765 5295 barbaram
797 5243 829 5295 et
853 5233 929 5294 nihil
961 5235 1067 5297 minus
1098 5254 1197 5314 quam
1220 5254 1331 5295 veram
1355 5232 1649 5313 philosophiamao

164 5334 282 5399 Publici
304 5338 391 5398 enim
414 5335 458 5398 illi
481 5335 685 5416 professores
708 5348 775 5398 tam
792 5350 867 5399 sunt
883 5359 902 5398 a
921 5339 1089 5400 illusarum
1105 5340 1207 5400 saeris
1223 5337 1359 5418 prolani,
1383 5357 1481 5418 quarn
1497 5359 1516 5399 a
1531 5357 1609 5398 vera
