3674 5858
568 421 661 473 Racek
684 420 812 473 Miliulasi
835 420 989 473 Detsltemu
1010 420 1087 473 1501.
1521 421 1552 474 17

95 631 226 711 ingenio
249 642 348 711 atque
372 632 523 694 doctrina
546 633 664 694 nemini
685 631 868 695 concedere
891 642 1015 712 putant,
1039 633 1081 694 de
1098 632 1248 713 Philippo
1266 632 1428 694 Beroaldo
1446 632 1552 695 Bono·

95 735 208 808 nicusi,
240 750 307 815 quo
331 734 440 797 nullus
463 735 544 797 alter
567 745 678 798 nostra
710 745 817 799 aetate
839 747 889 798 est
913 746 969 799 aut
1000 737 1130 798 doctior
1152 747 1208 799 aut
1239 736 1454 817 eloquentior,
1485 737 1553 799 sine

96 839 227 917 pudore
251 859 368 919 parum
391 839 560 901 liberalem
581 859 767 903 sermonem
790 839 946 921 proferre.
971 840 1094 902 Dicunt
1116 842 1202 902 enim
1220 842 1326 920 ipsum
1350 839 1498 921 illepidas
1521 848 1554 901 et

95 943 285 1005 invenustas
300 941 408 1005 lacere
432 943 590 1022 epistolas
605 964 644 1006 ac
668 945 775 1006 verbis
798 945 918 1008 abditis
942 955 975 1006 et
997 945 1171 1007 inconditis
1187 945 1242 1019 uti,
1266 964 1327 1006 nec
1350 946 1457 1025 ipsum
1481 964 1553 1007 esse

95 1046 187 1128 apud
212 1047 313 1109 Italos
335 1056 403 1110 tam
427 1046 547 1110 celebri
572 1048 665 1125 lama,
689 1068 773 1129 quae
797 1049 838 1111 de
861 1049 933 1130 ipso
956 1050 1045 1130 apud
1070 1047 1262 1111 Theutones
1287 1049 1499 1128 percrebruit,
1522 1059 1554 1110 et
1579 1058 1593 1099 ὅ

94 1160 164 1212 tam
189 1151 293 1215 multo
315 1154 457 1228 nomine,
480 1172 588 1234 neque
611 1173 727 1215 omnes
744 1152 855 1215 ltaliae
879 1163 1028 1216 oratores
1050 1162 1163 1215 nostra
1179 1152 1337 1214 memoria
1360 1171 1436 1214 eum
1459 1171 1553 1233 prae-

96 1266 195 1318 stare.
219 1255 296 1318 Non
319 1268 395 1320 sunt
415 1257 448 1319 hi
463 1257 627 1331 audiendi,
651 1257 807 1338 quoniam
831 1259 933 1339 magis
950 1278 993 1318 ex
1017 1256 1134 1319 invidia
1158 1276 1256 1337 quam
1274 1277 1316 1317 ex
1339 1275 1418 1318 vero
1434 1256 1554 1318 iudicio

96 1360 287 1440 loquuntur.
311 1360 492 1423 Verissime
515 1370 627 1423 noster
648 1359 775 1423 Tullius
798 1362 977 1423 memoriae
999 1361 1144 1441 prodidit
1160 1360 1313 1422 invidiam
1333 1380 1406 1422 esse
1428 1361 1554 1421 virtutis

95 1466 262 1526 comitem.
297 1463 430 1527 Nullam
454 1465 604 1547 prolecto
627 1464 750 1547 gloriae
773 1474 900 1544 partem
924 1473 1008 1526 teste
1031 1463 1134 1527 Plinio
1158 1472 1414 1544 consequuntur,
1444 1464 1499 1543 qui
1521 1464 1553 1524 in

95 1568 166 1629 suis
189 1568 336 1647 epistolis
352 1569 510 1648 scriptum
535 1568 678 1650 reliquit:
702 1588 786 1645 eum,
809 1569 865 1648 qui
888 1568 1018 1645 invidet,
1050 1569 1210 1630 minorem
1233 1587 1313 1630 esse.
1354 1567 1391 1629 ln
1413 1587 1552 1629 numero
1567 1576 1593 1618 ¹⁰

96 1672 267 1751 pecudum
290 1673 436 1752 ponendi
452 1682 537 1748 sunt,
560 1674 593 1734 in
616 1672 736 1753 quibus
759 1671 847 1734 nulla
863 1672 955 1747 ratio,
978 1669 1104 1733 nullum
1128 1672 1303 1734 discrimen
1323 1691 1395 1733 esse
1417 1672 1554 1745 videtur,

96 1794 175 1837 cum
198 1774 324 1838 nullum
348 1776 553 1840 eruditorum
585 1787 642 1838 aut
665 1776 901 1855 praestantium
925 1777 1071 1838 virorum
1104 1775 1269 1838 delectum
1293 1776 1416 1837 habere
1438 1777 1553 1837 sciunt.

97 1879 298 1942 Beroaldum
321 1900 388 1942 non
412 1879 514 1942 modo
538 1882 570 1943 in
593 1880 733 1960 publicis
756 1878 953 1943 lectionibus
976 1899 1089 1942 verunt
1120 1881 1217 1942 etiam
1241 1880 1273 1941 in
1297 1879 1428 1960 privatis
1450 1881 1552 1943 disse·

96 1993 225 2045 rentem
241 1983 358 2045 audivi.
383 1983 470 2045 Nihil
495 1985 526 2045 in
549 2005 590 2047 eo
609 1986 724 2060 inveni,
748 1985 780 2047 in
803 2004 870 2066 quo
894 1983 1187 2064 reprehendendus
1203 1994 1298 2046 esset.
1322 1982 1382 2047 Est
1404 1984 1553 2065 prolecto

95 2089 130 2149 in
147 2088 305 2150 docendis
328 2088 460 2166 publice
476 2089 648 2151 iuvenibus
672 2091 817 2169 optimus
841 2091 994 2170 magister
1017 2099 1049 2150 et
1072 2089 1104 2151 in
1120 2087 1230 2149 multis
1254 2088 1338 2149 utilis
1354 2097 1453 2168 atque
1476 2108 1551 2167 pro·
1567 2093 1594 2136 ¹⁵

96 2192 214 2254 ficuus.
250 2191 284 2253 ln
308 2190 406 2253 latina
429 2193 585 2268 oratione,
616 2195 712 2273 copia
735 2203 767 2254 et
790 2194 966 2255 verborum
999 2192 1157 2274 elegantia
1187 2202 1237 2254 est
1266 2200 1380 2254 nostro
1402 2201 1553 2272 tempore

96 2296 408 2375 praestantissimus,
441 2298 495 2377 qui
520 2296 565 2358 ob
589 2297 746 2378 insignem
771 2297 955 2359 doctrinam
979 2297 1009 2357 in
1035 2295 1124 2358 ltalia
1148 2296 1293 2358 omnium
1318 2295 1385 2357 iere
1407 2308 1553 2358 versatur

97 2401 132 2461 in
162 2418 229 2475 ore,
260 2400 352 2462 cuius
382 2399 466 2461 lama
495 2411 545 2462 est
575 2420 641 2463 non
672 2401 775 2463 modo
806 2402 837 2463 in
869 2402 1019 2463 universa
1050 2400 1149 2475 ltalia,
1179 2412 1292 2461 verum
1323 2401 1420 2463 ctiam
1451 2398 1554 2479 Alpes

95 2503 311 2565 transcendit.
337 2503 514 2585 Nunquam
538 2504 735 2580 factumest,
759 2505 947 2585 ubicunque
971 2523 1046 2565 eum
1070 2503 1258 2584 loquentem
1275 2505 1343 2565 sive
1365 2504 1397 2565 in
1419 2503 1553 2583 publico

96 2608 220 2670 sivein
242 2608 369 2687 privato
392 2608 510 2684 audivi,
533 2609 611 2690 quin
635 2628 766 2689 semper
782 2609 942 2670 eruditior
965 2607 1040 2669 inde
1063 2606 1298 2687 proficiscerer.
1321 2606 1428 2670 Tanta
1450 2616 1500 2669 est
1522 2607 1595 2669 into

97 2712 236 2773 historia
252 2710 392 2773 dicenda
408 2712 593 2793 eloquentia
609 2722 643 2774 et
664 2714 842 2775 verborum
858 2711 1067 2788 abundantia,
1090 2720 1126 2771 ut
1149 2730 1213 2772 non
1231 2709 1431 2774 Beroaldum
1447 2710 1554 2773 Bono·

96 2816 246 2877 niensem
269 2814 328 2877 sed
345 2813 538 2878 Ciceronem
562 2827 619 2878 aut
642 2815 754 2879 Titum
770 2816 898 2878 Livium
923 2816 1111 2896 loquentem
1136 2835 1207 2876 esse
1231 2815 1443 2878 arbitrareris.
1466 2814 1554 2893 Quid

97 2920 229 2995 mirum,
259 2919 285 2980 si
308 2940 327 2979 a
351 2919 535 2981 clarissimis
566 2930 598 2982 et
621 2920 909 3000 praestantissimis
939 2920 1014 2981 viris
1038 2918 1136 2979 Petro
1159 2929 1192 2979 et
1216 2917 1328 2980 Ulrico
1352 2919 1554 2982 Rosensibus

95 3033 167 3084 tarn
184 3022 394 3084 vehementer
413 3033 542 3086 amatur
565 3034 664 3105 atque
680 3024 816 3098 fovetur,
839 3044 924 3104 quos
940 3043 1006 3086 non
1030 3022 1131 3085 modo
1155 3023 1259 3103 gloria
1275 3032 1307 3084 et
1329 3043 1433 3105 genus
1456 3033 1555 3104 atque

96 3125 253 3189 nobilitas
283 3127 341 3189 sed
380 3129 479 3189 etiam
510 3127 674 3189 orationes
704 3138 803 3208 atque
837 3128 996 3206 epistolae
1025 3128 1127 3206 ipsius
1165 3126 1366 3189 immortales
1397 3127 1594 3205 iaciuntll2⁵

96 3227 312 3310 Quapropter
335 3230 493 3293 desistant
509 3232 612 3292 virum
637 3233 799 3311 optimum
819 3242 919 3311 atque
941 3231 1195 3292 sincerissimum
1212 3231 1366 3292 conviciis
1383 3230 1554 3306 incessere,

96 3354 140 3398 ne
164 3334 238 3395 vitia
262 3335 323 3413 ipsi
347 3354 407 3396 sua
430 3344 528 3415 atque
552 3354 681 3396 errores
705 3343 915 3415 cognoscant.
947 3335 1067 3399 Vale.'³l

796 3663 866 3724 XX.

508 3820 652 3892 Racelr
682 3817 879 3892 Mikulasi
908 3819 1151 3893 Detske‘mu.

190 4006 225 4073 (V
245 3986 394 4062 ὄοοὴᾱοὴ
415 4007 511 4072 1501.)
530 3990 568 4060 Ze
588 4023 634 4059 mu
654 4008 782 4060 neddvno
797 4006 844 4075 jen
865 4016 944 4075 proto
962 4009 1029 4075 psal,
1054 4009 1107 4077 aby
1127 4010 1186 4062 stim
1206 4028 1236 4062 se
1256 4010 1335 4062 cvieil
1356 4027 1372 4061 v
1391 4010 1554 4077 dopisovdni

97 4096 184 4163 podle
203 4095 271 4164 rady
290 4093 472 4163 Ciceronovy.
493 4094 597 4146 Mnoho
616 4093 680 4146 listn
699 4096 748 4161 pr)l
762 4095 820 4161 psal
839 4094 993 4148 zllononie
1006 4112 1022 4146 a
1036 4083 1116 4148 lllma
1129 4099 1247 4164 ucenp'rm
1261 4115 1278 4149 a
1290 4098 1417 4164 slavny'm
1432 4097 1557 4159 multllm,

96 4192 132 4250 ty
150 4181 183 4234 ie
202 4182 271 4234 suad
290 4182 381 4249 nekdy
400 4181 516 4234 sebrane
535 4179 616 4248 vydrl.
647 4164 685 4231 Ze
711 4181 783 4232 mdlo
803 4179 858 4246 jest
877 4181 1000 4249 dobryclt
1025 4183 1135 4234 ntivodd
1159 4183 1350 4252 stilistickycn
1373 4183 1381 4234 i
1407 4190 1486 4249 proto
1505 4184 1554 4250 pr)l

97 4268 196 4321 mnozi
215 4285 261 4321 mu
280 4268 459 4329 domlouvali,
478 4268 533 4336 aby
551 4268 653 4335 taltovy
673 4269 777 4335 napsal.
801 4270 843 4321 ale
869 4285 903 4319 on
929 4271 978 4336 pryr
1001 4269 1022 4319 si
1050 4270 1175 4321 netrould
1202 4269 1244 4335 jsa
1260 4269 1332 4335 jeste
1352 4270 1425 4321 mldd
1445 4287 1460 4321 a
1481 4269 1553 4320 mdlo

95 4356 234 4423 zkuseny‘.
254 4355 332 4419 (List.
352 4355 408 4407 tist.
427 4355 476 4407 tls.
496 4355 594 4417 XXV.)
1234 4362 1240 4373 ’

191 4532 372 4594 Rodericus
395 4532 572 4593 Dubravus
587 4530 724 4593 Nicolao
749 4531 882 4593 Dicczki
907 4532 1059 4613 Pragensi
1083 4553 1107 4594 s.
1124 4532 1154 4595 d.
1178 4532 1412 4612 Superioribus
1437 4533 1554 4595 diebus

94 4637 142 4698 ad
167 4648 200 4697 te
223 4637 300 4698 dedi
322 4637 453 4711 litteras
484 4635 621 4697 Nicolaii
645 4635 885 4710 humanissime,
918 4636 1021 4698 lliarci
1045 4635 1142 4698 Tullii
1165 4637 1373 4716 potissimum
1396 4637 1555 4698 sententia

98 4790 306 4801 ——--.—.—-

191 4860 210 4921 ¹)
229 4857 433 4926 Nesmrtelnpm
454 4859 534 4926 podle
554 4859 673 4910 nahledu
694 4858 936 4910 humanisticlrelro
963 4860 1013 4909 stal
1039 4876 1068 4909 se
1094 4858 1220 4924 zejmenn
1247 4859 1361 4911 odricn
1386 4859 1552 4910 renovrinim

93 4945 176 5014 spisu
197 4944 369 4997 Beroaldova
388 4961 408 4995 r.
429 4942 505 4996 1488.
524 4944 739 5010 (Humanismus
758 4955 805 4996 str.
827 4944 896 5010 llll.)

189 5049 211 5113 ²)
230 5048 333 5101 Noni-li
352 5058 380 5101 to
399 5049 491 5115 poube
510 5047 657 5100 stilisticltr':
677 5048 795 5106 evitent.
814 5066 848 5101 na
868 5049 918 5101 nei
938 5068 954 5100 v
975 5050 1166 5116 nasledujiclm
1187 5051 1250 5101 listu
1270 5068 1299 5101 se
1320 5050 1421 5107 naraii.
1447 5050 1555 5100 kontro·

95 5153 182 5189 verse
207 5153 224 5188 o
249 5136 406 5204 vy'tecnosti
433 5135 605 5188 Beroaldove
632 5135 712 5201 podle
737 5135 870 5188 domneni
894 5138 1000 5189 naseho
1026 5136 1145 5204 porstati
1172 5138 1264 5190 mohla
1281 5143 1360 5202 teprv
1385 5153 1420 5203 po
1438 5136 1555 5189 nltvratu

95 5222 232 5277 Raetove
252 5222 288 5273 do
307 5207 390 5275 Cech.
411 5222 467 5275 Zde
486 5222 553 5274 totir
572 5231 652 5289 teprv
670 5222 867 5289 zapomenouti
887 5223 956 5274 smel
981 5240 1016 5274 na
1037 5224 1124 5276 sveho
1151 5223 1392 5290 »nejuteneislho«
1418 5224 1553 5275 Garzona.

95 5312 185 5364 Proto
205 5309 333 5362 lrlademe
352 5308 399 5360 list
417 5325 453 5361 na
471 5325 491 5361 r.
512 5307 587 5361 1501.

151 5422 252 5461 Sblrlrn
279 5419 429 5471 prumenilv
460 5421 640 5470 stupinadruhi.
666 5412 757 5461 Cisloll,
