3674 5858
207 356 241 408 56
657 354 775 422 Pisecky'
793 353 941 407 hfichalovi
964 370 996 406 ze
1015 351 1111 406 Stratie
1131 352 1206 406 1510.

207 590 225 629 a
257 588 329 629 mea
362 566 564 646 professione
595 576 645 628 est
677 565 789 638 aliena,
820 576 931 628 tamen
960 586 1022 648 ego
1053 566 1140 628 illam
1163 568 1321 646 tantisper
1353 566 1396 629 ad
1419 586 1472 627 me
1496 567 1611 646 pertint

207 671 355 747 iudicavi,
390 671 470 732 dum
500 671 558 732 tibi
588 671 695 732 amico
726 691 801 733 meo
834 670 882 731 vel
914 681 1044 752 gratnm
1072 669 1194 751 aliquid
1229 670 1279 732 vel
1310 670 1388 733 utile
1418 690 1470 732 me
1494 670 1611 732 facturi

211 777 364 855 opinatus
387 794 470 837 sum.
495 775 580 836 Nam
605 774 738 855 quando
762 794 815 835 me
839 775 1071 855 requirendum
1095 774 1218 836 duxisti
1242 783 1274 836 et
1298 774 1340 836 de
1363 773 1544 856 Georgio¹l
1569 784 1603 835 et

210 880 410 961 quibusdam
441 879 517 955 aliis,
548 899 632 959 quae
663 898 723 941 nec
748 888 782 940 tu
807 879 946 960 ignoras,
977 890 1009 940 et
1033 898 1095 960 ego
1126 878 1253 940 silentio
1276 879 1414 941 transire
1441 880 1529 940 malo
1560 898 1611 959 qu:

181 983 385 1062 oexplicare,
408 994 474 1044 tam
498 981 574 1061 (sic)
597 982 673 1043 mihi
699 981 829 1063 uateor)
853 1003 891 1043 ea
915 1003 967 1045 res
990 983 1095 1043 iniecit
1118 983 1319 1064 scrupulum,
1342 991 1378 1044 ut
1402 982 1517 1045 studiis
1532 984 1611 1043 inter

209 1089 291 1149 meis
313 1088 466 1168 sepositis
490 1108 590 1166 super
613 1086 674 1148 hac
698 1106 762 1148 una
785 1108 819 1147 re
843 1086 940 1165 pleno
966 1087 1109 1168 cogitatu
1126 1087 1327 1162 immorarer,
1352 1107 1411 1149 nec
1428 1108 1468 1148 eo
1484 1096 1611 1149 conten*

210 1192 375 1272 quendam
400 1192 599 1254 monachum
623 1190 839 1266 consulerem,
868 1211 966 1271 quem
991 1192 1022 1252 in
1045 1191 1212 1272 theologia
1243 1191 1373 1270 publice
1404 1192 1611 1272 respondenti

208 1295 324 1370 audivi,
347 1307 379 1357 et
403 1296 587 1357 doctiorem
611 1296 749 1357 caeteris
772 1295 945 1355 autumavi.
978 1294 1058 1356 Erat
1081 1304 1192 1357 tamen
1216 1297 1444 1375 opportunitas
1468 1295 1611 1356 consuler

211 1401 407 1480 quaerenda,
430 1410 465 1460 ut
489 1409 603 1479 aptum
626 1398 668 1460 ad
685 1400 749 1460 hoc
766 1410 897 1479 tempus
913 1398 1117 1480 deligeretur,
1141 1409 1227 1461 esset
1242 1412 1411 1479 praeterea
1427 1400 1512 1460 iusta
1528 1419 1611 1461 occa

172 1514 197 1555 1⁰
211 1505 380 1585 quidpiam
404 1504 445 1565 de
469 1504 529 1564 hac
553 1504 689 1564 materia
713 1522 788 1565 cum
812 1524 853 1564 eo
877 1503 1065 1569 disserendi,
1089 1524 1129 1564 ne
1153 1505 1178 1565 si
1202 1504 1292 1565 illum
1317 1505 1393 1564 mihi
1417 1514 1513 1564 antea
1529 1504 1607 1565 mini

210 1607 398 1670 familiarem
416 1619 481 1669 tam
500 1608 703 1670 confidenter
724 1608 947 1681 accessissem,
970 1609 1144 1683 temeritas,
1168 1609 1193 1668 si
1218 1608 1259 1669 de
1283 1609 1414 1688 negotio
1435 1607 1490 1669 illo
1514 1627 1611 1687 comp

210 1712 337 1787 lassem,
365 1712 510 1790 suspicio
541 1732 594 1773 me
625 1714 805 1775 mansisset.
851 1710 1069 1773 Occasionem
1098 1714 1206 1791 itaque
1237 1732 1365 1773 summa
1396 1732 1472 1773 cum
1496 1711 1611 1795 diliger

211 1818 393 1898 quaesitam
409 1819 463 1878 vix
480 1817 614 1878 tandem
631 1817 745 1877 inveni.
770 1815 924 1877 Habebat
941 1836 1019 1877 vero
1037 1817 1087 1877 ita.
1112 1816 1307 1878 Vincentius
1324 1816 1384 1892 ille,
1407 1817 1458 1878 cui
1475 1837 1611 1898 cognorr

215 1919 387 1996 Beroald0,
411 1921 490 2008 dum
513 1919 615 2000 Praga
631 1920 795 1981 excedere
818 1932 920 1998 parat,
944 1929 979 1981 ut
998 1920 1154 1981 mercium
1180 1941 1296 1982 caussa
1320 1921 1501 1983 Bononiam
1527 1941 1611 2001 repe

173 2032 200 2073 ¹5
213 2022 295 2085 forte
318 2023 449 2085 fortuna
472 2025 515 2085 ibi
539 2023 674 2085 offendit
698 2023 837 2100 Sixtum,
868 2025 919 2085 cui
943 2024 1074 2104 publice
1102 2024 1277 2087 haereseos
1300 2036 1377 2087 nota
1401 2027 1546 2100 inuritur,
1570 2046 1612 2088 co

211 2128 378 2207 pellatque
401 2148 439 2189 ac
463 2129 637 2190 certiorem
661 2127 769 2189 reddit
792 2149 827 2189 se
850 2148 949 2208 quam
973 2131 1115 2207 primum
1140 2131 1170 2190 in
1195 2129 1316 2190 Italiam
1342 2149 1585 2192 consessurum.

209 2234 323 2298 Sixtus
347 2232 476 2311 prolato
500 2231 646 2310 quodam
677 2252 719 2292 ex
743 2231 945 2310 chartabulo,
974 2233 1025 2295 eui
1053 2233 1166 2295 titulus
1198 2245 1248 2295 est
1287 2233 1469 2315 »Apologia
1492 2234 1611 2296 fratrur

210 2346 305 2419 rogat
329 2336 452 2398 obnixe
476 2335 684 2411 Beroaldum,
711 2337 870 2417 tantisper
894 2357 1028 2416 operam
1053 2358 1147 2400 suam
1171 2339 1232 2399 sibi
1256 2340 1445 2417 impartiret,
1476 2339 1557 2400 dum
1582 2338 1611 2399 ill

209 2443 251 2503 ad
276 2440 400 2503 ltaliam
424 2441 644 2512 transferatur,
675 2450 707 2502 et
738 2443 801 2502 sub
825 2442 980 2503 iudicium
1005 2442 1185 2503 doctissimi
1216 2443 1353 2505 alicuius
1376 2442 1522 2524 theologi
1546 2462 1606 2503 sen

169 2550 196 2592 2⁰
209 2544 253 2608 Se
276 2547 361 2607 enim
379 2564 501 2624 cupere
517 2545 625 2606 aiebat
640 2555 746 2607 totum
765 2545 853 2620 illud,
876 2545 1032 2625 quicquid
1058 2546 1216 2607 haeresim
1240 2546 1350 2623 oleret,
1374 2548 1416 2607 ab
1433 2546 1487 2607 illo
1504 2546 1611 2608 theole

208 2650 356 2712 censoria
379 2650 484 2709 notari
508 2649 641 2730 virgula.
666 2648 848 2712 Beroaldus
871 2670 957 2724 vero,
982 2651 1058 2729 quia
1081 2651 1249 2731 negotium
1273 2650 1352 2711 illud
1375 2649 1450 2711 nihil
1474 2670 1535 2711 nec
1553 2670 1611 2712 one

208 2754 352 2815 habebat
375 2772 435 2814 nec
459 2754 602 2831 periculi,
626 2756 826 2833 prouinciam
851 2754 911 2814 sibi
937 2753 1170 2815 demandatam
1188 2754 1325 2816 libenter
1341 2756 1558 2834 amplectitur,
1582 2775 1611 2816 m

209 2879 243 2920 se
275 2858 377 2918 itineri
408 2858 555 2938 accingit,
589 2857 806 2936 proficiscitur
840 2857 960 2918 deinde
993 2868 1025 2918 et
1057 2857 1238 2919 Bononiam
1274 2859 1405 2920 tandem
1437 2878 1509 2919 sese
1540 2859 1611 2937 reci

208 2962 351 3043 nihilque
374 2974 521 3024 moratus
545 2963 717 3024 consilium
750 2983 824 3024 cum
853 2961 1044 3023 Bernhardo
1069 2961 1224 3041 quodam,
1257 2963 1417 3023 canonico
1441 2961 1611 3024 Olomuce:

168 3067 447 3135 recommunican
480 3087 514 3127 re
538 3087 672 3147 quoque
696 3069 748 3142 ita,
780 3078 816 3128 ut
841 3067 995 3140 habebat,
1026 3065 1214 3145 plenissime
1238 3080 1387 3128 enarrata
1411 3079 1514 3149 rogat,
1536 3087 1605 3147 quo

210 3171 303 3233 liceat
333 3191 390 3250 per
415 3191 490 3232 eum
520 3172 580 3232 hac
608 3192 687 3233 cura
712 3172 810 3232 levari
867 3170 1084 3244 Bernhardus,
1117 3180 1153 3231 ut
1184 3182 1233 3232 est
1265 3191 1373 3232 rerum
1405 3191 1565 3233 novarum
1591 3193 1612 3252 p

209 3274 350 3354 cupidus
373 3285 405 3336 et
428 3273 582 3337 fratribus
605 3275 665 3336 illis
689 3277 847 3336 maiorem
875 3276 905 3335 in
930 3275 1068 3335 modum
1093 3274 1246 3350 infensus,
1278 3276 1425 3336 laborem
1458 3276 1545 3337 hunc
1570 3295 1608 3356 gr

209 3388 242 3440 et
265 3380 368 3441 obviis
391 3378 495 3457 (quod
519 3381 621 3457 aiunt)
652 3379 801 3441 manibus
829 3378 960 3458 excipit,
992 3380 1099 3457 poscit
1131 3378 1285 3452 libellum,
1313 3380 1439 3456 evolvit,
1471 3380 1611 3442 nullam<

210 3484 370 3544 haeresim
402 3484 555 3544 subolere
595 3484 734 3546 credens
773 3492 883 3543 censet
920 3482 1159 3563 professionem
1201 3482 1287 3544 illam
1319 3494 1434 3562 utpote
1465 3484 1608 3545 catholic

169 3589 271 3649 aosub
294 3588 411 3650 nullius
435 3589 586 3650 monachi
611 3588 720 3648 limam
744 3587 814 3648 dari
838 3586 968 3648 debere.
999 3586 1134 3649 Postero
1158 3587 1278 3648 deinde
1303 3587 1355 3648 die
1380 3608 1431 3649 me
1455 3588 1563 3650 obiter
1587 3610 1611 3651 c«

209 3692 302 3764 venit,
318 3700 491 3771 totamque
508 3692 676 3753 historiam
693 3693 774 3753 meis
790 3691 924 3753 auribus
940 3692 1046 3765 tradit,
1063 3691 1200 3753 domum
1217 3691 1356 3767 inducit;
1380 3693 1475 3754 offert
1492 3704 1611 3772 praete}

210 3796 348 3871 chartas
379 3797 403 3857 si
428 3795 507 3876 quid
531 3795 614 3857 forte
646 3796 740 3856 velim
771 3796 879 3876 legere
909 3804 951 3869 et,
987 3795 1065 3875 quid
1098 3815 1196 3875 super
1227 3816 1265 3856 ea
1297 3816 1331 3857 re
1362 3799 1508 3873 sentiam,
1540 3798 1611 3860 dice

210 3898 283 3980 Ego
315 3919 393 3960 vero
417 3900 626 3960 occasionem
651 3900 811 3979 propositi
843 3900 905 3960 mei
932 3909 999 3960 tam
1032 3910 1254 3979 opportunam
1287 3900 1544 3982 haudquaquam
1567 3922 1609 3964 ne

210 4003 350 4086 gendam
376 4013 463 4065 ratus
487 4002 566 4064 illud
591 4024 643 4065 me
667 4004 832 4067 multoties
856 4004 903 4063 vel
929 4004 1074 4082 inprimis
1097 4013 1213 4081 optare
1237 4004 1400 4083 respondi,
1423 4005 1449 4066 si
1472 4005 1537 4066 tale
1566 4026 1609 4086 qu

170 4107 297 4188 sopiam
321 4107 398 4168 mihi
424 4128 496 4168 sese
525 4107 648 4183 offerat,
680 4128 718 4169 ac
742 4119 918 4186 propterea
949 4118 1043 4189 grato
1071 4108 1251 4170 admodum
1283 4109 1392 4169 animo
1419 4111 1596 4189 suscipere,

211 4213 237 4272 si
260 4210 343 4272 forte
374 4211 436 4272 sub
460 4210 558 4290 pallio
590 4211 801 4272 orthodoxae
833 4211 1058 4291 lideialiquos
1082 4211 1301 4273 dissimularet
1331 4232 1467 4288 errores,
1497 4213 1611 4276 illosd

211 4315 384 4377 cutiendos
407 4315 507 4375 immo
531 4336 609 4375 vero
633 4316 828 4397 iugulandos
853 4316 954 4377 docto
977 4315 1071 4376 alicui
1096 4316 1261 4377 monacho
1284 4316 1462 4376 tradamus.
1502 4315 1556 4377 Ad
1583 4318 1611 4380 hi

211 4418 262 4479 ille
286 4438 388 4498 quum
412 4419 585 4494 annuisset,
609 4439 670 4499 ego
695 4419 839 4480 libellum
863 4421 976 4498 accepi
1000 4428 1032 4480 et
1055 4439 1136 4480 mox
1159 4421 1315 4498 percurri,
1344 4419 1429 4498 Quia
1453 4441 1531 4482 vero
1555 4430 1611 4482 ton

212 4523 289 4584 illud
320 4543 386 4584 non
419 4523 497 4582 meis
527 4523 586 4583 sed
614 4523 741 4584 illorum
773 4525 946 4604 gerebatur
976 4525 1136 4603 auspiciis,
1168 4523 1325 4602 postridie
1355 4524 1423 4585 eius
1447 4525 1509 4585 diei
1533 4545 1597 4606 ego

170 4626 454 4688 toBernhardum:
487 4626 594 4707 »Ergo
618 4637 653 4688 tu
678 4627 783 4703 reris«
819 4628 959 4708 inquam,
995 4628 1096 4688 »hanc
1120 4628 1195 4688 fidei
1219 4626 1455 4706 professionem
1479 4629 1608 4708 simplic

211 4741 242 4791 et
266 4730 353 4792 nulla
377 4751 420 4790 ex
443 4738 535 4809 parte
559 4729 710 4805 fucatam,
740 4731 833 4810 quasi
864 4752 942 4792 vero
973 4733 1015 4791 sis
1044 4733 1173 4793 nescius
1197 4732 1346 4792 homines
1371 4732 1439 4792 eius
1463 4733 1610 4793 conditio

210 4845 297 4895 tanta
323 4834 490 4912 praeditos
515 4834 697 4906 calliditate,
725 4845 760 4895 ut
792 4834 840 4895 vel
865 4834 993 4915 Argum
1017 4835 1136 4909 fallant,
1166 4844 1254 4895 tanta
1278 4836 1491 4910 simulatione,
1522 4836 1612 4897 utili

211 4939 347 5000 verbum
370 4957 526 5019 graecum
549 4940 666 5000 merito
690 4938 825 4999 audiant
854 4939 932 4999 »alia
957 4939 1092 5000 Leucon
1116 4939 1201 5016 dicit,
1225 4941 1285 5001 alia
1310 4941 1418 5001 asinus
1434 4941 1504 5001 eius
1520 4949 1611 5019 porta

299 5213 319 5279 ¹)
338 5211 366 5263 in
387 5212 524 5280 margine:
545 5212 646 5265 Sovius
665 5220 802 5280 apostata.
