3652 5858
477 391 596 461 Plserlql
615 392 701 461 Sigm.
720 410 736 447 z
753 393 841 462 Jelenl
859 411 875 446 a
893 394 962 464 Janu
980 393 1171 450 Ttlborskemu
1190 395 1265 452 1506.

414 706 578 782 Virclav
607 707 788 805 Plsecky
817 605 1095 806 Slllgmundovi
1123 711 1314 806 zJelenl.

226 841 369 898 VPrm
387 845 474 899 ¹500
494 876 525 883 -
546 846 579 899 0.
599 843 722 900 betuna.
752 845 855 899 Velebe
881 846 972 899 cnosti
994 863 1011 898 a
1036 847 1108 916 vddy
1125 846 1229 901 vielike
1255 847 1348 919 vyblzl
1372 848 1449 912 itta,
1474 850 1528 920 aby
1552 869 1589 904 na

133 927 196 996 svbj
216 930 353 998 prospech
371 948 388 983 a
407 948 442 985 na
460 931 563 985 iitechu
582 939 684 985 otcovu
705 932 755 1000 jim
780 951 810 986 se
829 933 935 986 horlivd
954 933 1044 987 oddal.
1076 934 1159 1003 (List.
1177 936 1236 1004 rlrp.
1254 937 1305 989 bis.
1325 936 1379 1003 ΙΙΙ.)

224 1054 419 1119 Vinceslaus
450 1056 609 1121 Piscensis
639 1056 861 1140 Sigismundo.
895 1059 1058 1137 discipulo
1090 1079 1151 1121 suo
1174 1080 1198 1122 s
1223 1060 1252 1120 d.
1292 1059 1326 1124 Si
1350 1061 1472 1137 studes,
1503 1064 1588 1126 bene

131 1169 193 1234 est,
216 1179 278 1243 ego
301 1180 436 1242 quoque
458 1162 586 1224 studeo.
609 1161 761 1241 Quantae
785 1164 862 1225 mihi
886 1184 984 1225 curae
1007 1163 1106 1226 fueris
1121 1173 1226 1238 antea,
1248 1162 1458 1246 Sigismunde
1473 1187 1584 1230 aman·

130 1264 266 1339 tissime,
288 1264 378 1326 hisce
401 1285 444 1327 ex
468 1264 567 1327 literis
590 1267 668 1328 satis
690 1286 856 1347 superque
880 1287 1081 1350 cognoscere
1104 1269 1235 1347 poteris,
1259 1288 1341 1349 quas
1361 1270 1495 1350 quidem
1518 1291 1585 1335 non

130 1367 193 1430 nisi
216 1387 346 1431 summa
368 1370 401 1431 in
421 1378 456 1430 te
477 1370 599 1432 amoris
622 1371 686 1432 mei
709 1370 916 1433 observantia
932 1372 990 1433 tibi
1007 1372 1158 1435 visendas
1174 1375 1369 1435 transmitto.
1391 1374 1476 1436 Tam
1498 1377 1582 1438 enim

130 1481 167 1533 te
189 1491 300 1534 amare
323 1473 446 1549 videor,
479 1492 578 1554 quam
609 1475 664 1555 qui
688 1474 840 1549 maxime,
870 1475 914 1536 ob
939 1494 1024 1550 eum,
1055 1476 1110 1556 qui
1140 1477 1223 1538 intra
1255 1486 1288 1538 te
1318 1486 1377 1553 est,
1407 1478 1583 1560 igniculum
1609 1509 1623 1549 r,

129 1584 204 1637 tum
226 1576 268 1659 ad
291 1577 460 1657 praeclara
483 1577 536 1640 illa
559 1578 768 1640 humanitatis
791 1578 899 1641 studia
923 1591 992 1641 tum
1016 1578 1058 1641 ad
1082 1581 1218 1642 virtutes
1241 1582 1470 1661 capessendas.
1508 1582 1583 1645 Tibi

129 1680 242 1762 itaque
264 1681 295 1743 in
318 1700 359 1744 eo
382 1682 562 1744 excitando
585 1683 701 1744 deesse
724 1682 823 1758 nolui,
853 1685 930 1764 quin
960 1693 993 1745 te
1016 1682 1240 1747 admonitione
1270 1703 1344 1745 mea
1373 1686 1472 1747 etiam
1495 1686 1581 1748 ultro

129 1793 165 1846 et
188 1784 400 1848 celeriuscule
423 1796 608 1848 currentem
632 1787 798 1848 stimulare
821 1789 927 1864 statui,
951 1806 1020 1848 rem
1043 1787 1102 1849 tibi
1125 1786 1270 1849 facturus
1285 1789 1397 1851 nescio
1413 1808 1454 1851 an
1470 1790 1581 1852 iucun-

129 1889 310 1965 dissimam,
331 1902 420 1953 certe
444 1889 535 1972 quod
559 1891 628 1952 scio
652 1890 750 1971 longe
773 1889 985 1967 utilissimam,
1010 1901 1043 1953 te
1065 1910 1200 1972 quoque
1223 1890 1455 1973 dignissimam.
1493 1892 1581 1972 Quid

127 1994 217 2055 enim
250 2004 306 2056 aut
336 1995 509 2057 virtutibus
544 2004 600 2056 aut
632 1994 729 2056 literis
760 1995 944 2076 antiquius?
978 1993 1056 2075 quid
1088 1995 1276 2074 pulchrius?
1311 1996 1388 2076 quid
1420 1996 1623 2066 nobilius?ro

126 2098 231 2159 immo
255 2118 340 2179 quae
363 2118 415 2161 res
439 2099 608 2179 splendori
631 2118 745 2161 earum
770 2099 953 2178 composita
970 2118 1035 2160 non
1050 2099 1157 2160 iacere
1172 2108 1205 2161 et
1222 2099 1414 2162 sordescere
1430 2101 1581 2181 incipiat?

128 2199 294 2264 Omnibus
316 2202 386 2265 aliis
410 2203 508 2267 fluxis
532 2213 564 2265 et
587 2201 721 2264 caducis
744 2203 961 2265 existentibus
988 2201 1060 2264 sola
1089 2203 1192 2264 virtus
1216 2222 1292 2265 cum
1317 2204 1579 2283 praeclarissimo

124 2306 313 2369 studiorum
344 2309 501 2371 exercitio
524 2316 557 2370 et
580 2308 845 2369 constantissima
871 2316 904 2368 et
926 2306 1130 2369 nobilissima
1152 2316 1210 2384 est,
1239 2326 1324 2388 quae
1354 2308 1413 2370 tibi
1436 2328 1580 2388 perenne

124 2428 248 2471 nomen
270 2430 449 2493 veramque
471 2411 568 2473 animi
591 2411 795 2473 nobilitatem
823 2410 996 2492 pollicetur
1019 2410 1186 2492 dabitque,
1217 2413 1243 2473 si
1273 2431 1347 2474 eam
1376 2414 1522 2475 venerari
1545 2424 1579 2476 et

121 2513 249 2594 oppido
272 2515 428 2578 excolere
454 2516 644 2579 contendes.
689 2515 792 2596 Perge
822 2516 939 2596 itaque,
969 2534 1078 2596 perge,
1106 2514 1316 2596 Sigismunde
1344 2517 1614 2595 amantissimis

122 2628 156 2680 et
179 2615 230 2679 lac
252 2619 297 2680 ita
319 2619 530 2682 vehementer
554 2620 654 2683 literis
679 2620 858 2695 incumbas,
881 2629 918 2681 ut
939 2618 1027 2680 illam
1052 2620 1093 2681 de
1115 2628 1157 2695 te,
1187 2640 1286 2701 quam
1310 2620 1388 2681 mihi
1411 2620 1576 2701 polliceor,

121 2743 218 2803 spem
240 2743 307 2787 non
329 2724 431 2788 modo
454 2745 577 2807 aeques
608 2726 666 2788 sed
697 2735 729 2787 et
760 2724 857 2806 longe
879 2723 1063 2786 antecellas.
1110 2725 1158 2787 lta
1181 2725 1267 2786 enim
1291 2725 1418 2805 parenti
1440 2735 1508 2801 tuo,
1531 2725 1576 2789 ita

120 2829 244 2906 amicis,
266 2831 311 2891 ita
325 2848 418 2892 meae
433 2830 674 2907 necessitudini,
697 2831 788 2893 itaet
804 2840 888 2902 tuae,
911 2848 997 2909 quae
1012 2838 1045 2890 te
1061 2838 1179 2905 manet,
1195 2828 1318 2910 gloriae
1334 2848 1434 2910 quam
1450 2830 1575 2910 optime

120 2934 284 3010 consules,
318 2936 344 2997 si
375 2935 550 3018 ingenium,
584 2937 610 2998 si
646 2934 846 3010 memoriam,
879 2934 905 2994 si
935 2932 1078 3013 denique
1108 2934 1263 3007 animum,
1297 2935 1352 3015 qui
1385 2934 1444 2995 tibi
1467 2953 1574 3014 neque

120 3036 270 3115 plebeius
292 3057 400 3122 neque
422 3040 554 3102 trivialis
576 3050 634 3116 est,
657 3040 818 3102 acerrimo
842 3047 874 3099 et
891 3037 1045 3099 virtutum
1062 3049 1093 3098 et
1110 3036 1276 3099 literarum
1293 3037 1450 3099 exercitio
1468 3037 1572 3100 indies
1587 3064 1614 3104 no

119 3142 291 3206 meliorem
313 3142 442 3207 efficies.
488 3145 560 3227 Age
592 3145 688 3226 igitur
718 3142 952 3205 accedentibus
982 3143 1073 3203 annis
1101 3142 1241 3203 sciencia
1270 3161 1405 3222 quoque
1427 3140 1573 3219 accedat,

118 3247 284 3329 ingenium
319 3248 497 3326 adolescat,
530 3248 690 3311 memoria
720 3249 797 3309 item
829 3256 861 3309 et
890 3246 1035 3327 vegetior
1066 3258 1097 3307 et
1129 3244 1390 3307 adminiculatior
1414 3244 1572 3307 reddatur

117 3349 214 3427 adeo,
236 3361 280 3427 ut,
303 3351 383 3415 dum
406 3372 545 3433 puerum
568 3353 678 3415 adhuc
701 3351 868 3431 ephebum
891 3350 969 3433 agis,
993 3350 1138 3411 omnium
1156 3350 1187 3410 in
1203 3358 1237 3410 te
1253 3348 1369 3410 oculos
1389 3357 1571 3425 convertas,

117 3464 151 3517 et
174 3464 231 3518 tua
253 3454 306 3517 illa
327 3456 508 3519 incredibili
531 3456 696 3519 docilitate
719 3455 873 3518 omnibus
896 3463 928 3514 te
952 3452 1165 3532 spectabilem
1188 3461 1221 3513 et
1243 3451 1474 3514 admirandum
1490 3472 1569 3514 con-

112 3560 243 3622 'stituas
282 3557 411 3621 Vellem
434 3556 507 3642 (sic)
531 3560 684 3641 equidem
708 3580 749 3622 eo
771 3568 804 3621 te
828 3557 990 3638 cupiditas
1013 3556 1199 3620 studiorum
1223 3555 1356 3632 delerat,
1386 3567 1422 3619 ut
1453 3576 1607 3626 omnesaer,

115 3664 149 3724 in
172 3662 236 3725 hoc
259 3682 395 3725 munere
417 3662 510 3726 facile
533 3664 650 3726 vincas.
688 3663 787 3743 Quod
819 3663 952 3745 quidem
976 3670 1012 3723 ut
1035 3662 1141 3737 iacias,
1172 3661 1297 3737 hortor,
1323 3680 1444 3722 moneo
1467 3670 1508 3735 et,
1531 3669 1568 3722 ut

115 3768 341 3849 praeceptoris
364 3768 479 3851 iungar
502 3767 620 3844 ollicio,
643 3768 818 3848 praecipio.
857 3766 975 3847 Neque
1004 3767 1088 3827 enim
1113 3767 1139 3826 is
1162 3785 1206 3842 es,
1238 3765 1293 3846 qui
1316 3765 1358 3826 sis
1383 3764 1511 3827 nescius
1533 3773 1567 3826 te

114 3870 227 3933 studio
248 3872 305 3934 tali
327 3892 402 3935 cum
427 3892 537 3935 meum
560 3883 630 3935 tum
655 3882 828 3952 paternum
860 3871 891 3933 in
914 3881 947 3933 te
970 3889 1117 3932 amorem
1142 3869 1234 3932 lacile
1258 3870 1413 3932 excitare.
1451 3867 1566 3930 Paucis

112 3984 147 4036 te
170 3993 300 4053 mone0,
323 3997 430 4059 neque
454 3978 539 4039 enim
565 3977 714 4056 pluribus
737 3976 923 4056 patiebatur
939 3973 1135 4036 tabellarius.
1159 3972 1212 4035 Tu
1229 3971 1309 4034 dum
1325 3971 1566 4033 abundantiora

112 4090 147 4141 et
169 4078 306 4142 meliora
328 4080 506 4154 desideras,
530 4081 632 4143 redde
656 4080 733 4142 mihi
755 4089 830 4141 tuas
854 4078 971 4140 literas.
1012 4077 1095 4139 Vale
1122 4087 1154 4139 et
1184 4077 1263 4139 time
1286 4074 1402 4137 Deum.
1442 4074 1606 4156 Pragaem

111 4182 155 4245 ad
180 4202 205 4244 s.
231 4181 411 4247 Henricum
435 4185 474 4246 V.
499 4185 578 4246 ldus
601 4184 713 4266 Junias
736 4203 821 4245 anno
845 4202 912 4262 quo
936 4181 1074 4262 supra.¹)

307 4460 470 4536 Vaclav
499 4461 680 4557 Plsecky
709 4355 896 4533 bakalaii
918 4458 1027 4551 Janu
1057 4456 1365 4531 Taborskemu.

196 4596 732 4666 (ΙΙΡητο)16ΟΘ-13.ὄοι·νηι.
768 4596 835 4649 Ten
860 4613 877 4646 v
905 4596 1043 4647 strastech
1071 4595 1261 4663 postaveneho
1288 4610 1305 4646 a
1333 4592 1482 4646 domlouvi
1506 4608 1562 4655 mu,

107 4681 163 4753 aby
181 4682 311 4753 nemyslil
329 4701 365 4738 na
383 4684 574 4748 samovraidu,
593 4686 704 4753 dbvody
722 4701 737 4738 z
756 4682 872 4737 filosofie
898 4682 1008 4734 antiche
1034 4698 1051 4734 a
1074 4683 1196 4751 zplsem
1221 4699 1262 4734 εν.
1281 4679 1451 4749 terpanymi.
1482 4677 1560 4747 (List

106 4770 166 4840 rkp.
185 4769 236 4824 tls.
253 4770 300 4840 V.)

194 4876 386 4941 Vinceslaus
410 4880 563 4943 Piscensis
583 4880 696 4962 Joanni
721 4878 939 4949 baccalaure0‚
969 4875 1160 4939 Taboriensi
1187 4896 1211 4940 s.
1235 4876 1300 4953 d.²)
1338 4872 1559 4935 Vehementer

105 4994 138 5043 te
161 4981 395 5045 calamitatibus
417 4983 511 5067 afiligi
536 5005 578 5045 cx
603 4986 658 5057 his,
682 5005 763 5064 quas
788 4984 828 5043 ad
853 5000 905 5042 me
922 4980 1037 5042 dedisti
1053 4983 1166 5053 literas,
1190 4982 1284 5060 plane
1302 4978 1453 5058 intelligo.
1477 4976 1559 5039 Sunt

196 5134 215 5203 ¹)
233 5096 436 5202 Talrhapsino
455 5138 605 5204 pllvodnim
625 5138 753 5206 pisalem.
774 5135 816 5188 Od
837 5131 997 5201 pozdejslho
1015 5135 1135 5201 oprdvce
1154 5134 1299 5201 pietrleno
1311 5148 1328 5184 a
1341 5129 1466 5197 napsdno
1482 5126 1556 5178 1506.

194 5221 217 5288 ¹)
241 5220 368 5289 Pozdejsl
396 5223 482 5276 rulrou
510 5224 641 5292 plidrlno:
670 5244 720 5277 suo
745 5218 925 5292 praeceptori.
963 5220 1116 5288 Ptipislrem
1146 5222 1227 5273 timto
1254 5215 1452 5271 identifikovdn
1480 5221 1557 5266 tento

105 5307 218 5362 bakaltr
235 5307 382 5378 Tibursky
402 5328 415 5362 s
433 5311 603 5365 adressatem
623 5313 687 5365 listu
705 5314 758 5373 ΙΙΙ.,
777 5308 885 5363 nevime
904 5308 980 5374 prod.

158 5402 258 5447 Sblrkn
280 5405 446 5456 prumentv.
469 5407 564 5460 Slrupina
578 5409 653 5451 druht.
676 5402 768 5450 Ctrlozl.
1400 5396 1417 5447 il
