3674 5858
200 364 236 419 aa
696 364 814 434 Praecly
831 362 901 435 Janu
919 348 1062 418 siecltovt
1083 359 1161 418 inor.

201 578 403 655 heteroclitis,
428 578 669 657 patronymicis,
693 586 726 640 et
748 579 878 660 graecis,
909 576 951 639 de
980 577 1153 638 verborum
1184 577 1363 656 praeteritis
1391 585 1424 638 et
1454 577 1587 656 supinis,
1615 577 1657 638 de

202 683 442 745 constructione
471 683 612 761 partium
642 683 807 755 orationis,
840 682 883 743 de
913 680 1110 760 syllabarum
1140 683 1330 760 quantitate,
1359 680 1486 756 heroici,
1516 682 1658 762 elegiaci,

204 786 293 865 lyrici
314 786 462 848 carminis
486 786 736 864 compositione,
765 785 894 868 collegit
916 787 1002 846 enim
1024 784 1111 845 velut
1134 785 1345 846 summarium
1368 784 1547 865 quoddam,
1570 786 1661 864 quic-

203 890 281 971 quid
304 889 392 970 apud
422 887 628 962 Diomedem,
658 887 809 968 Caprum,
838 887 1056 964 Palemonem,
1083 886 1218 962 Focam,
1249 887 1424 966 Donatum,
1455 887 1603 952 Servium
1627 898 1659 950 et

175 992 397 1055 cPriscianum
420 992 544 1055 diffusis
568 992 783 1055 voluminibus
806 1001 969 1056 tractatur.
991 991 1066 1056 Sive
1088 994 1114 1054 is
1129 992 1223 1074 igitur
1237 993 1303 1053 sive
1320 994 1391 1075 quis
1406 992 1486 1054 alius
1501 992 1658 1074 legendus

203 1099 248 1159 eis
270 1097 326 1160 tibi
350 1096 510 1159 videbitur
532 1106 564 1158 et
587 1097 735 1177 placebit,
761 1095 816 1159 frat
837 1096 900 1159 hoc
923 1097 1044 1159 arbitrii
1066 1098 1121 1172 tui,
1147 1096 1332 1158 dummodo
1355 1114 1564 1178 cognoscam,
1587 1099 1659 1176 quis

203 1201 255 1263 ille
277 1199 379 1263 suerit.
418 1198 500 1262 Vale
524 1200 617 1261 bene.
656 1198 708 1262 Ex
731 1201 866 1262 aedibus
895 1201 976 1262 meis
1004 1203 1106 1280 prima
1133 1200 1217 1282 Junii
1240 1219 1326 1262 anno
1350 1198 1467 1265 Christi
1491 1199 1524 1263 M
1542 1199 1572 1262 D
1589 1199 1659 1262 Vll.

891 1494 975 1557 Vlll.

549 1632 714 1708 Vaclav
742 1631 924 1728 Pisecky'
947 1632 1057 1726 Janu
1086 1610 1314 1707 Slechtovi.

294 1822 318 1876 v
337 1823 436 1877 Prm
455 1822 552 1888 (1507
573 1852 604 1859 -
623 1835 640 1877 ν
660 1819 798 1890 hartnit).
817 1821 955 1889 Odpoved
972 1820 989 1873 lr
1008 1819 1071 1874 listu
1084 1820 1268 1889 pladellkmu.
1287 1822 1406 1890 Pleecky
1420 1822 1512 1876 ehvall
1524 1821 1661 1891 peclivost

206 1918 308 1964 otcovu
326 1927 344 1962 o
364 1907 481 1962 naleiitk
500 1907 657 1978 vyutovanl
677 1925 747 1979 syna
766 1907 774 1960 i
793 1906 948 1976 oznamuje,
973 1906 1005 1960 ie
1024 1907 1093 1962 uciti
1116 1907 1184 1962 mlnl
1201 1909 1283 1976 podle
1301 1909 1468 1979 grammatilr
1488 1908 1661 1970 modernlch‚

206 1997 350 2067 ponevadi
365 1995 428 2064 jsou
447 1994 626 2064 praktictejsi,
652 1995 754 2063 nnpled
773 1996 854 2064 podle
872 1995 1044 2066 Manutiovy,
1068 2001 1163 2065 potom
1188 1995 1270 2065 podle
1289 1995 1445 2066 Sulpitiovy
1463 2012 1480 2049 a
1499 1997 1660 2064 Perottovy.

207 2083 290 2144 (List.
307 2082 366 2151 rlrp.
386 2081 436 2136 cla.
455 2080 543 2151 XIX.)

294 2222 482 2287 Vinceslaus
505 2223 680 2286 Piescensis
708 2222 821 2305 Joanni
845 2222 1012 2287 Sslechtae
1043 2223 1084 2286 de
1108 2224 1266 2288 Wssehrd
1296 2237 1328 2288 et
1360 2227 1391 2286 in
1415 2224 1592 2287 Kostelecz
1622 2223 1664 2285 ad

205 2327 314 2391 Albim
338 2326 467 2390 fluvium
485 2346 509 2389 s.
526 2346 556 2407 p.
573 2326 603 2390 d.
626 2325 679 2388 Ex
702 2327 799 2390 literis
821 2325 886 2401 illis,
910 2346 994 2408 quae
1017 2329 1092 2390 mihi
1115 2328 1262 2391 redditae
1284 2330 1344 2390 abs
1366 2341 1398 2391 te
1414 2340 1498 2403 sunt,
1520 2329 1664 2390 intellexi

167 2455 192 2497 ro
204 2445 236 2496 et
252 2446 328 2495 tuae
343 2431 488 2514 dignitati
504 2430 698 2494 laudabilem
714 2430 830 2494 adesse
846 2431 1007 2495 solertiam
1024 2433 1056 2494 in
1072 2433 1252 2496 erudiendo
1268 2432 1342 2507 filio,
1369 2446 1401 2496 et
1417 2452 1470 2494 me
1486 2435 1664 2495 maximam

206 2555 338 2598 manere
361 2534 569 2619 diligentiam,
592 2554 666 2617 qua,
689 2535 767 2597 dum
784 2555 878 2598 meae
892 2535 1037 2599 redditur
1053 2536 1137 2612 fidei,
1161 2548 1197 2601 ut
1212 2550 1300 2600 recte
1316 2539 1505 2600 instituatur.
1527 2534 1562 2600 Si
1579 2539 1665 2598 enirn

206 2640 398 2702 architectus
420 2641 452 2701 in
475 2639 657 2702 extruenda
679 2639 785 2720 aliqua
801 2639 903 2702 domo
919 2641 969 2703 vel
985 2651 1090 2703 totam
1105 2642 1155 2704 vel
1171 2645 1348 2704 maximam
1364 2660 1496 2722 operam
1513 2640 1667 2702 iaciendis

206 2745 264 2806 rite
287 2742 505 2806 fundamentis
528 2744 677 2823 impartit,
708 2743 811 2805 multo
834 2742 967 2824 quidem
991 2747 1093 2828 inagis
1116 2765 1187 2807 mea
1211 2747 1361 2820 intererit,
1391 2745 1470 2809 dum
1494 2745 1664 2818 humanas,

207 2859 241 2911 ut
264 2851 308 2911 ita
331 2847 454 2928 loquar,
477 2849 601 2910 extrico
624 2857 656 2909 et
680 2845 796 2909 excolo
819 2859 944 2911 mentes
968 2847 1140 2912 divinitatis
1162 2850 1341 2930 participes,
1364 2869 1472 2930 neque
1489 2849 1667 2910 industriae

169 2976 194 3019 ra
207 2971 314 3034 neque
337 2950 542 3014 sollicitudini
565 2970 704 3031 parcere.
750 2950 825 3031 Qua
855 2950 896 3012 de
919 2971 952 3013 re
983 2972 1049 3016 non
1081 2971 1217 3034 possum
1245 2974 1311 3016 non
1334 2953 1467 3016 laudare
1488 2964 1589 3026 tuam,
1622 2955 1667 3014 vir

208 3056 487 3136 praestantissime,
519 3054 743 3133 eruditionem,
772 3074 838 3118 non
867 3058 1028 3119 ammirari
1059 3059 1273 3136 prudentiam,
1303 3077 1401 3139 quam
1432 3069 1473 3133 et,
1504 3057 1585 3138 quid
1608 3067 1667 3119 tuo

207 3158 326 3222 sederit
349 3160 467 3234 anime,
490 3159 642 3239 explicas,
666 3171 698 3222 et
721 3178 787 3239 quo
804 3179 895 3222 more
911 3172 1002 3224 tuum
1020 3161 1117 3223 tilium
1134 3161 1349 3224 erudiendum
1363 3161 1514 3232 adsectes,
1538 3162 1668 3223 tametsi

209 3265 283 3326 mihi
306 3265 508 3327 subobscure
531 3266 681 3326 insinuas.
705 3263 841 3343 Quaeris
865 3267 958 3338 enim,
982 3284 1023 3326 an
1043 3266 1216 3327 veteriores
1232 3284 1272 3327 an
1289 3265 1484 3328 recentiores
1505 3282 1669 3346 gramma·

207 3371 288 3431 ticas
316 3371 347 3430 in
377 3367 529 3430 docendo
562 3387 662 3446 puero
705 3367 829 3451 eligam.
873 3367 1071 3448 Respondeo
1102 3371 1248 3447 novitios,
1285 3389 1350 3431 non
1382 3370 1435 3450 qui
1466 3379 1533 3429 tam
1565 3366 1670 3429 effusa

168 3484 341 3555 notamque
363 3472 423 3534 levi
446 3473 506 3535 sim
530 3475 718 3546 temeritate,
746 3484 780 3534 ut
807 3473 967 3536 veteribus
991 3471 1126 3535 multum
1151 3476 1181 3534 in
1204 3492 1245 3534 eo
1269 3472 1434 3556 derogem,
1465 3489 1567 3553 quum
1592 3470 1669 3532 dicit

210 3576 328 3638 Plinius
351 3576 475 3638 nullum
498 3576 623 3650 librum,
653 3579 709 3657 qui
732 3595 797 3638 non
820 3577 927 3657 aliqua
958 3596 1000 3637 ex
1030 3587 1122 3656 parte
1150 3574 1328 3656 prodesset.
1373 3573 1439 3638 Sed
1470 3594 1536 3637 non
1561 3574 1669 3654 placet

209 3679 268 3757 illa,
291 3699 355 3760 qua
378 3689 453 3743 sunt
475 3678 589 3748 referti.
612 3681 783 3753 barbaries,
806 3699 872 3742 non
895 3681 1083 3755 obscuritas,
1111 3699 1195 3761 quae
1217 3692 1250 3742 et
1273 3678 1411 3742 deficere
1434 3678 1507 3741 lacit
1530 3680 1668 3761 ingenia,

209 3796 241 3846 et
264 3783 306 3846 ad
328 3786 453 3863 optima
475 3783 672 3864 capessenda
695 3785 800 3846 studia
824 3787 906 3846 viam
931 3784 1118 3865 praecludit.
1140 3783 1223 3847 Sunt
1246 3786 1331 3845 enirn
1355 3784 1396 3846 illi
1420 3782 1508 3854 tales,
1530 3793 1568 3844 ut
1591 3782 1668 3844 mihi

210 3888 319 3949 videre
333 3887 452 3962 videor,
467 3889 718 3970 grammatistae,
734 3890 798 3969 qui,
815 3889 894 3951 dum
911 3890 1154 3970 grammaticam
1171 3907 1205 3951 se
1222 3889 1329 3968 pueris
1344 3887 1469 3950 tradere
1484 3896 1666 3957 autumant,

171 4015 198 4057 ro
212 3995 389 4054 maximum
420 3995 451 4053 in
482 4011 523 4054 eo
553 3995 825 4072 praestantissime
855 3993 928 4055 huic
950 3994 1008 4055 arti
1032 4003 1160 4068 nocent,
1190 3992 1280 4072 quod
1311 4011 1330 4052 a
1360 3992 1473 4070 poetis
1505 3989 1665 4051 historicis

211 4098 307 4177 idque
331 4114 433 4179 genus
456 4095 674 4159 eruditissimis
697 4097 896 4173 authoribuS,
919 4098 1106 4177 inquorum
1128 4097 1289 4158 intellectu
1304 4104 1376 4158 tota
1391 4093 1487 4173 plane
1502 4112 1666 4175 gramma·

211 4203 272 4263 tica
307 4199 469 4263 Diomede
498 4201 634 4263 authore
668 4203 821 4275 consistit,
863 4210 982 4274 arcent,
1024 4199 1114 4280 quod
1148 4202 1180 4261 in
1217 4218 1253 4261 se
1284 4197 1497 4281 intelligendis
1530 4215 1666 4260 omnem

212 4322 385 4384 puerorum
407 4312 559 4375 aetatem,
582 4324 713 4368 omnem
738 4324 871 4383 operam
896 4303 1188 4366 consummandam
1212 4303 1405 4365 desiderant.
1429 4301 1573 4383 Ideoque
1588 4302 1667 4362 mihi

212 4427 277 4469 non
305 4409 490 4489 probantur,
522 4427 627 4488 neque
657 4419 731 4471 sunt
763 4412 872 4484 menti,
900 4410 1016 4489 quibus
1047 4408 1087 4470 ad
1117 4408 1266 4469 habenda
1296 4419 1328 4469 et
1359 4404 1526 4468 obtuenda
1557 4404 1669 4467 mollia

173 4534 201 4575 ao
213 4531 388 4591 puerorum
404 4514 530 4595 ingenia
546 4522 659 4576 uterer.
682 4512 745 4574 lllis
760 4532 836 4575 vero
852 4512 999 4574 facillime
1013 4511 1144 4586 accedo,
1164 4514 1217 4593 qui
1233 4513 1428 4572 succinctam
1445 4507 1671 4571 administrant

187 4616 305 4690 .viam,
339 4634 403 4695 qua
434 4615 475 4677 ad
507 4619 667 4696 optimum
697 4635 848 4698 querique
882 4627 912 4678 et
947 4615 1210 4678 candidissimum
1244 4624 1276 4676 et
1308 4615 1451 4675 maxime
1484 4611 1670 4691 expolitum

213 4719 383 4781 authorem
407 4728 440 4780 et
462 4720 553 4782 facile
576 4730 608 4782 et
630 4719 836 4782 celeriuscule
859 4723 929 4794 itur,
952 4730 988 4782 ut
1010 4730 1086 4782 sunt
1108 4721 1301 4781 recentiores
1324 4716 1479 4780 literariae
1501 4717 1578 4777 artis
1594 4734 1671 4795 pro·

213 4823 351 4883 fossores
367 4819 456 4906 (meo
473 4824 606 4904 quidem
621 4820 753 4906 iudicio)
769 4833 835 4885 tres
850 4826 900 4886 isti
916 4842 1122 4902 summopere
1138 4820 1362 4901 amplectendi.
1386 4819 1488 4882 Aldus
1504 4817 1672 4881 Manutius

215 4928 315 5004 prima
339 4926 471 4988 huiusce
494 4929 568 4989 artis
592 4927 776 4988 liniamenta
805 4927 1017 5006 pulcherrime
1047 4927 1160 5000 tradit;
1191 4945 1265 4987 nam
1288 4934 1321 4987 et
1344 4924 1490 4985 facillimo
1520 4924 1672 5002 procedit

174 5054 201 5094 35
215 5029 296 5101 stilo,
320 5040 351 5089 et
375 5032 424 5091 vel
441 5032 750 5113 interrogatiunculis
774 5031 822 5092 vel
843 5031 901 5092 illis
917 5031 1185 5093 declinationibus
1207 5031 1325 5111 apertis
1341 5039 1495 5108 tanquam
1511 5047 1554 5087 ex
1570 5045 1672 5089 manu

216 5133 314 5195 ducit.
331 5132 397 5194 Sed
414 5153 478 5195 non
496 5136 536 5196 ad
554 5135 740 5197 umbilicum
758 5155 850 5196 suam
866 5135 996 5198 deducit
1013 5136 1200 5197 doctrinam.
1224 5134 1309 5196 lluic
1326 5143 1437 5195 tamen
1453 5130 1674 5210 perficiendae

216 5248 247 5299 et
270 5235 424 5315 Sulpitius
448 5242 560 5301 abste
584 5243 645 5299 iam
670 5251 764 5300 antea
788 5240 864 5300 satis
888 5259 1048 5319 superque
1071 5239 1219 5301 laudatus
1243 5248 1273 5300 et
1297 5238 1487 5318 Sipontinns
1510 5255 1567 5297 sua
1591 5256 1675 5298 con·
