3674 5858
514 414 566 485 Jan
584 412 770 482 Doubravslry
793 413 863 481 Janu
882 395 1024 467 {lechtovi
1043 411 1119 466 1521.
1512 406 1548 463 87

83 626 211 691 iudicio
226 626 317 691 haud
339 624 480 689 multum
502 624 660 690 conducit
674 625 717 689 ad
732 624 918 706 profectum
934 625 1073 706 pietatis.
1097 620 1175 688 Scio
1190 644 1243 687 me
1258 630 1548 701 ressurrecturum,

83 731 154 795 hoc
168 731 257 795 enim
273 731 429 795 omnibus
444 731 593 811 promisit
609 727 768 807 Christus,
790 732 846 813 qui
863 732 987 810 primus
1004 730 1153 792 omnium
1170 729 1377 805 ressurrexit,
1400 735 1548 790 ceterum

84 835 186 917 quale
217 854 340 915 corpus
366 832 513 898 futurum
543 834 592 912 sit,
622 844 679 897 aut
709 836 880 916 quomodo
912 834 1017 915 possit
1044 834 1132 897 idem
1156 854 1237 911 esse,
1268 833 1361 915 quod
1392 833 1491 895 toties
1514 831 1546 893 in

85 939 177 1003 aliud
200 948 302 1021 atque
324 938 414 1003 aliud
438 938 608 1002 redactum
631 948 689 1014 est,
719 948 755 1001 ut
778 958 843 1001 non
867 939 1081 1019 improbarim
1111 958 1173 1002 suo
1197 948 1349 1018 tempore
1372 935 1545 998 moderate

84 1044 258 1126 uestigare,
288 1042 333 1105 ita
354 1042 524 1106 minimum
548 1043 704 1106 conducit
733 1043 775 1105 ad
799 1062 910 1105 veram
942 1045 1097 1123 pietatem
1128 1043 1161 1104 in
1185 1042 1234 1104 his
1258 1041 1398 1104 multum
1422 1056 1545 1121 operae
1571 1044 1586 1086 ⁶

84 1167 222 1228 ponere„
244 1145 344 1209 Nunc
367 1146 417 1209 his
439 1155 538 1228 atque
568 1146 600 1209 id
623 1166 727 1229 genus
754 1146 823 1208 aliis
846 1148 1023 1211 innumeris
1053 1147 1325 1228 argutationibus,
1356 1145 1477 1226 quibus
1508 1163 1544 1207 se

84 1253 233 1314 iactitant
263 1250 407 1332 quidam,
437 1259 616 1314 avocantur
647 1250 817 1314 hominurn
846 1262 971 1314 mentes
994 1251 1106 1327 abiis,
1136 1269 1221 1330 quae
1252 1249 1325 1313 sola
1352 1248 1473 1311 faciunt
1501 1248 1543 1309 ad

83 1374 165 1418 rem.
188 1354 341 1436 Denique
364 1353 541 1434 plurimum
565 1353 698 1417 habebit
721 1357 876 1418 momenti
900 1355 942 1418 ad
966 1355 1056 1418 orbis
1078 1353 1290 1417 concordiam
1307 1351 1544 1427 stabiliendam,

84 1459 112 1522 si
136 1457 265 1539 profani
288 1459 462 1539 principes,
483 1457 545 1521 sed
568 1460 745 1539 praecipue
769 1458 939 1522 Romanus
962 1457 1119 1539 pontifex,
1141 1458 1247 1521 absint
1268 1459 1311 1520 ab
1328 1457 1417 1519 omni
1433 1455 1543 1535 specie

83 1563 268 1642 tyrannidis
290 1572 323 1627 et
345 1563 505 1625 avaritiae.
536 1563 623 1626 Nam
646 1562 738 1626 facile
762 1563 915 1639 resiliunt,
938 1583 1014 1627 curn
1038 1564 1149 1626 vident
1173 1571 1321 1642 paratam
1344 1561 1543 1635 servitutem,
1559 1574 1584 1616 ro

84 1686 191 1749 quum
214 1667 397 1751 intelligunt
426 1688 463 1730 se
490 1687 557 1730 non
587 1668 710 1731 invitari
740 1668 784 1731 ad
816 1668 969 1747 pietatem
1000 1666 1059 1729 sed
1083 1668 1206 1747 captari
1238 1664 1471 1746 adpraedam.
1508 1662 1544 1727 Si

85 1790 148 1834 nos
169 1772 334 1849 innoxios,
357 1773 384 1835 si
406 1791 468 1835 nos
492 1771 659 1834 beneficos
682 1772 850 1847 senserint,
873 1772 1023 1835 facillime
1046 1792 1120 1834 sese
1144 1770 1280 1833 credent
1303 1780 1434 1832 nostrae
1457 1767 1542 1831 fidei.

86 1876 270 1959 ignoscam,
292 1885 330 1938 ut
352 1895 458 1958 rogas,
481 1875 669 1956 loquacitati
695 1886 824 1938 tuarum
848 1876 1022 1953 literarum,
1045 1876 1105 1939 sed
1129 1877 1156 1937 si
1178 1874 1261 1936 tales
1284 1892 1383 1953 saepe
1399 1872 1542 1944 miseris;

85 1999 163 2043 nam
186 1989 318 2043 assueta
340 1978 465 2042 facilius
488 1978 630 2042 ferimus.
659 1978 802 2041 lodocus
825 1979 921 2041 lonas
944 1979 1007 2041 hoc
1039 1979 1112 2058 ipso
1135 1989 1286 2058 tempore
1308 1997 1441 2040 mecum
1464 1984 1542 2048 erat,

86 2103 164 2147 cum
198 2081 387 2147 academiae
419 2082 581 2165 suffragiis
615 2091 724 2146 rector
762 2082 997 2164 designaretur,
1031 2103 1098 2164 quo
1133 2084 1202 2144 viro
1237 2083 1292 2144 vix
1325 2080 1414 2143 aliud
1448 2080 1540 2161 quic·
1556 2092 1582 2134 ¹5

87 2207 190 2269 quam
212 2187 276 2251 vidi
299 2186 452 2265 melius.¹)
491 2185 578 2249 Bene
601 2186 680 2264 vale,
709 2187 754 2248 vir
777 2187 905 2270 egregie
953 2186 1088 2249 Lovanii
1119 2185 1271 2250 Calendis
1294 2183 1541 2247 Novembribus

88 2310 177 2354 anno
200 2290 357 2354 MDXIX.

755 2531 874 2594 XXIX.

419 2670 499 2765 Jan
529 2669 814 2767 Doubravsky
837 2670 947 2765 Janu
976 2647 1201 2745 §lechtovi

177 2860 220 2914 νο
240 2853 383 2927 νῇὄκονό
402 2858 488 2923 (1821
510 2888 543 2898 -
562 2858 610 2913 21.
631 2858 752 2927 dubna).
773 2858 886 2912 Odmlta
905 2860 1004 2912 ehvalu
1023 2859 1091 2912 sobe
1109 2859 1237 2912 vzdanou
1256 2875 1288 2912 aa
1300 2858 1404 2929 vydfnf
1423 2873 1440 2911 a
1459 2855 1540 2908 inter·

88 2946 190 3015 pretaci
208 2947 344 3000 Martiana
361 2963 378 3000 a
396 2944 503 3014 ahbnje,
522 2945 555 2999 le
574 2945 778 2999 Mikrokosmus
798 2932 931 2999 Slechtnv
949 2947 1016 3013 brzy
1035 2947 1126 3008 docte,
1144 2947 1177 2998 ad
1197 2944 1282 2998 nikoli
1300 2944 1355 3014 aby
1373 2961 1407 2997 eo
1426 2942 1540 3011 opravss,

87 3050 105 3087 a
121 3033 192 3086 vratl
208 3033 362 3095 aulrtorovi,
378 3032 473 3101 jemui
491 3033 611 3087 aaroveh
631 3032 731 3100 poslati
757 3033 825 3085 mini
845 3033 981 3087 Martiana
999 3050 1016 3086 a
1034 3031 1214 3091 Theriobulii.
1241 3031 1345 3084 bude-li
1365 3031 1400 3084 do
1419 3035 1447 3083 tL·
1465 3029 1539 3098 doby

88 3120 230 3188 vytistena.
249 3120 415 3190 Zamy'slene
435 3120 470 3173 od
490 3106 606 3187 Slechty
625 3119 762 3173 renovanl
788 3119 979 3172 Mihrolrosmu
1003 3119 1121 3188 bislmpu
1146 3117 1368 3172 Olomouclrfmu
1387 3114 1538 3183 schvaluje.

88 3206 228 3271 [Bohuslai
247 3206 402 3261 Hasistenii
422 3207 501 3261 Nova
520 3206 700 3275 epistolamm
718 3205 855 3275 appendix
874 3205 942 3258 1570
963 3222 999 3259 na
1018 3205 1121 3275 konci.)

171 3383 315 3465 Joannes
338 3382 547 3447 Daubravius
569 3383 685 3465 joanni
709 3380 879 3446 Sslechtae
902 3404 926 3445 s.
951 3381 981 3444 d.
1005 3381 1137 3463 Reperit
1164 3402 1217 3444 me
1239 3380 1429 3445 tabellarius
1452 3392 1538 3457 tuus,

88 3487 319 3550 humanissime
342 3486 501 3562 Sslechta,
533 3486 714 3562 Viscoviae,
746 3506 821 3548 cum
848 3484 1013 3549 Cremsirii
1036 3495 1218 3568 quaereret,
1248 3506 1286 3547 ac
1309 3496 1379 3548 tum
1403 3504 1537 3566 qnoque

86 3592 117 3652 in
139 3593 328 3671 procinctu,
359 3593 585 3672 prosequebar
616 3591 924 3652 reverendissimum
948 3591 1118 3654 dominum
1143 3610 1254 3652 meum
1277 3589 1471 3666 Znoymam,
1501 3596 1577 3650 ut2⁰

86 3694 236 3757 adessem
267 3695 477 3775 accipiendae
508 3695 708 3775 possessioni
740 3696 824 3758 arcis
855 3694 1080 3773 Znoymensis,
1109 3714 1209 3775 quam
1240 3705 1276 3756 ut
1299 3693 1445 3765 haberet,
1477 3712 1536 3753 rex

87 3809 197 3861 noster
227 3798 417 3881 aliquandiu
448 3819 524 3862 cum
556 3799 735 3875 ordinibus,
767 3799 842 3861 dein
872 3799 932 3878 ipsi
964 3800 1047 3860 inter
1077 3818 1113 3859 se
1143 3798 1275 3860 ordines
1306 3797 1424 3859 velitati
1451 3804 1536 3858 sunt.

85 3901 238 3984 ignosces
260 3904 379 3984 itaque,
412 3904 439 3966 si
462 3903 504 3965 ad
533 3902 696 3984 longiores
719 3916 793 3965 tuas
824 3921 946 3984 easque
977 3902 1233 3985 elegantissimas
1267 3901 1358 3963 iuxta
1392 3911 1425 3964 et
1459 3900 1536 3962 mihi

84 4006 284 4088 gratissimas
308 4007 385 4069 nihil
410 4027 522 4087 paene,
544 4019 601 4069 aut
624 4007 650 4069 si
670 4008 855 4088 quicquam,
879 4008 1012 4070 omnino
1029 4008 1144 4080 minus,
1168 4026 1267 4092 quam
1284 4025 1342 4086 par
1359 4015 1436 4081 erat,
1459 4014 1536 4085 post

83 4119 210 4172 tantum
234 4110 397 4174 silentium
422 4112 650 4192 respondeam.
675 4110 784 4173 Nimia
806 4110 860 4173 illa
883 4122 967 4187 sunt,
997 4112 1040 4173 mi
1063 4110 1223 4186 Sslechta‚
1254 4130 1338 4191 quae
1361 4129 1380 4169 a
1402 4120 1435 4170 te
1459 4107 1535 4169 mihi
1549 4120 1575 4162 aa

83 4215 279 4290 tribuuntur,
302 4235 362 4277 nec
385 4216 603 4297 agnoscenda,
627 4216 687 4277 nisi
712 4235 764 4277 me
787 4217 930 4277 nesciam
955 4234 1014 4277 nec
1038 4214 1222 4297 intelligam,
1245 4233 1312 4275 non
1336 4232 1435 4293 quarn
1459 4212 1536 4273 mihi

82 4319 123 4379 sit
147 4328 248 4395 curta,
271 4329 307 4380 ut
330 4318 382 4380 ille
405 4320 497 4395 dixit,
527 4319 586 4381 sed
610 4319 706 4398 plane
737 4317 825 4380 nulla
850 4319 1001 4399 supellex
1032 4327 1103 4380 tum
1126 4320 1157 4380 in
1182 4317 1389 4398 philosophia
1411 4326 1481 4377 tum
1505 4316 1536 4376 in

81 4420 154 4483 aliis
176 4421 283 4483 literis.
308 4420 394 4484 Nam
418 4423 510 4504 quod
534 4423 576 4483 ad
602 4421 798 4483 Mattianum
822 4424 945 4498 attinet,
968 4423 1037 4484 iure
1061 4423 1187 4502 optimo
1212 4423 1263 4484 ille
1287 4421 1412 4484 laudari
1428 4420 1536 4497 debet,

83 4535 120 4586 ut
143 4526 197 4587 eui
219 4526 304 4588 adsit
328 4527 469 4589 eruditio
496 4525 601 4588 solida
632 4535 664 4586 et
695 4526 785 4589 succi
815 4525 920 4605 plena,
950 4546 1016 4589 non
1047 4545 1117 4609 ego,
1149 4528 1203 4607 qui
1234 4527 1354 4600 nescio,
1384 4544 1425 4585 an
1456 4523 1535 4604 quid

83 4629 174 4691 aliud
206 4629 369 4692 attulerim
405 4641 536 4711 praeter
560 4630 761 4692 voluntatem
786 4631 1059 4709 interpretandi.²)
1115 4630 1225 4693 Video
1260 4641 1370 4692 autern
1407 4649 1469 4712 ego
1504 4637 1577 4689 et³0

82 4751 259 4815 cognosco,
290 4734 377 4796 unde
408 4736 467 4796 ista
499 4743 640 4809 manent,
675 4752 795 4812 nempe
822 4753 865 4795 ex
895 4735 1016 4817 ingenti
1046 4754 1160 4797 amore
1191 4753 1266 4816 erga
1297 4753 1350 4795 me
1381 4742 1446 4808 tuo,
1481 4731 1536 4812 qui

80 4845 206 4916 quanto
237 4838 340 4899 maior
368 4840 534 4914 invenitur,
564 4848 656 4900 tanto
687 4856 750 4919 ego
781 4837 934 4917 inculpa
966 4838 1062 4920 longe
1089 4839 1242 4913 maxima,
1275 4836 1366 4918 quod
1391 4835 1535 4897 libellum

170 5060 191 5121 ¹)
210 5061 270 5113 Srv.
289 5060 448 5128 poznamhu
467 5061 483 5112 k
504 5059 566 5112 listu
586 5060 770 5128 pledesltmu,

172 5146 195 5211 ’l
212 5147 307 5199 hffnln
335 5147 385 5199 zde
411 5146 468 5213 spis
492 5147 603 5214 vydany
630 5164 663 5198 ve
688 5147 770 5199 Vidni
795 5162 815 5198 r.
841 5145 921 5198 1516:
950 5145 1103 5198 Martianus
1131 5145 1204 5197 Felix
1230 5145 1342 5211 Capella
1370 5143 1404 5195 de
1433 5142 1535 5210 nuptiis

84 5233 214 5286 Mercurii
232 5243 261 5288 et
279 5233 451 5301 Philologiae
475 5251 538 5286 curn
558 5233 785 5287 adnotationibus
809 5232 923 5301 Joannis
944 5232 1085 5285 Dubravii.
1115 5232 1226 5299 (Srovn.
1252 5230 1308 5297 muj
1333 5230 1536 5283 Humanismus

82 5328 131 5372 str.
153 5318 223 5389 181.)
