3674 5858
201 399 218 450 4
622 399 665 453 ΙΠ.
685 400 779 453 Racek
798 397 950 453 Kriltofovi
969 416 985 453 2
1002 397 1147 453 Weitmlle
1167 398 1242 452 1498.

205 632 257 673 me
280 611 519 690 complectaris,
542 610 635 690 quod
651 611 759 691 ipsum
783 611 861 673 mihi
877 610 1010 675 minime
1032 611 1151 674 mirum
1173 619 1239 690 est;
1263 610 1339 674 facit
1361 613 1449 675 enim
1472 612 1665 676 studiorum

202 736 241 777 ac
271 728 407 778 naturae
438 714 625 792 similitudo,
655 723 692 778 ut
714 735 828 779 amore
858 715 960 779 simus
990 726 1023 779 et
1053 715 1170 779 officiis
1199 716 1374 780 coniuncti.
1408 715 1545 780 Nullum
1565 737 1587 780 a
1611 736 1666 781 me

201 830 334 900 tempus
364 820 643 899 praetermittetur
673 820 835 883 amicitiae
857 831 969 883 tecum
999 819 1259 898 constituendae,
1289 840 1342 884 me
1365 821 1397 882 in
1420 821 1576 885 omnibus
1598 823 1666 886 tuis

202 925 340 1006 negotiis
362 924 422 986 tibi
444 925 677 986 amicissimum
709 922 1003 1006 fidelissimumque
1027 925 1204 1005 praebebo.
1239 923 1298 989 Sin
1321 925 1414 988 aliter
1437 927 1601 1004 sentirem,
1632 927 1665 990 in

176 1040 342 1090 5numero
366 1029 534 1109 pecudum
559 1026 736 1108 ponendus
759 1048 875 1103 essem,
906 1030 1071 1110 siquidem
1095 1029 1137 1091 ad
1160 1031 1271 1092 omnia
1293 1030 1427 1112 negotia
1452 1050 1527 1093 mea
1547 1039 1582 1093 te
1605 1050 1665 1111 pa·

204 1144 310 1195 ratum
334 1133 482 1195 exhibes.
508 1132 635 1195 Natura
658 1132 738 1195 mihi
761 1143 991 1212 comparatum
1015 1143 1074 1210 est,
1098 1143 1134 1196 ut
1156 1154 1215 1197 eos
1231 1153 1362 1197 summo
1385 1154 1499 1197 amore
1521 1133 1665 1218 diligam,

203 1239 258 1318 qui
282 1257 390 1300 meam
413 1238 589 1300 amicitiam
621 1237 844 1317 expetendam
869 1256 940 1298 esse
964 1239 1097 1300 ducunt.
1133 1236 1310 1301 Accedunt
1332 1239 1374 1301 ad
1398 1259 1445 1314 ea,
1475 1238 1664 1321 quaemihi

204 1341 245 1403 de
274 1351 308 1402 te
338 1342 436 1403 frater
467 1361 561 1404 meus
591 1341 730 1421 scripsit,
761 1342 852 1422 quod
884 1343 1064 1421 praestanti
1094 1344 1127 1406 in
1157 1361 1211 1404 me
1239 1342 1457 1406 benivolentia
1487 1352 1520 1406 et
1549 1342 1664 1406 studio

204 1446 334 1521 existas,
358 1466 402 1506 ex
425 1465 493 1527 quo
517 1445 560 1522 fit,
583 1455 618 1507 ut
641 1445 699 1508 tibi
723 1465 844 1528 magno
867 1446 1041 1510 devinctus
1063 1446 1123 1511 sim
1146 1446 1317 1509 beneficio.
1348 1445 1505 1510 Carolum
1528 1446 1664 1511 fratrem

168 1560 191 1600 ¹⁰
205 1568 314 1610 meum
340 1567 431 1631 rogo,
453 1558 489 1612 ut
512 1549 660 1631 coepisti,
683 1569 765 1612 ama.
800 1547 836 1612 Si
859 1569 945 1631 quae
968 1550 1000 1613 in
1023 1570 1099 1613 eum
1122 1549 1290 1613 contulisti
1313 1551 1481 1628 beneficia,
1509 1551 1570 1614 tibi
1593 1571 1666 1632 per·

205 1653 307 1716 suade
330 1673 369 1714 ea
392 1653 423 1716 in
447 1672 500 1715 me
516 1651 703 1716 contulisse.
727 1652 820 1716 Vale.
845 1653 899 1716 Me
923 1654 981 1717 tibi
1004 1663 1113 1716 totum
1136 1654 1337 1718 commendo
1360 1665 1461 1736 atque
1482 1654 1619 1740 trado.¹)

571 1999 718 2073 Racek
745 1897 976 2075 Kriitofdilii
1012 2024 1036 2074 z
1065 1983 1297 2076 Weitmfle.

294 2138 467 2193 VBononll
489 2135 608 2208 (1498).
640 2137 811 2208 Vychvaluje
830 2137 933 2191 ucitele
958 2138 1046 2192 sveho
1070 2137 1208 2205 Garzone,
1234 2136 1296 2206 hdie
1322 2136 1480 2208 vitecnosti
1503 2137 1571 2206 jeho
1593 2128 1667 2208 proti

207 2226 427 2296 pochybnoatem
453 2225 489 2278 od
513 2224 602 2279 lrohos
626 2226 807 2295 vyslovenym
836 2243 853 2279 a
876 2224 970 2295 vyblzl
995 2224 1126 2288 Kriitofa,
1154 2225 1208 2295 uby
1233 2225 1257 2278 si
1278 2225 1315 2294 jej
1335 2242 1368 2279 za
1394 2224 1496 2279 uditele
1515 2224 1593 2281 obral
1612 2225 1665 2280 tei.

206 2313 287 2380 urst.
306 2313 364 2367 trit.
383 2312 433 2395 ers.
454 2311 512 2381 vi.)

293 2437 476 2514 Rodericus
500 2437 679 2501 Dubravus
710 2434 916 2500 Christoforo
939 2437 1160 2514 Weitmiller,¹
1177 2439 1368 2518 praeposito
1391 2437 1666 2521 Wissegradiensi

206 2564 231 2608 s.
256 2545 286 2606 d.
321 2541 416 2623 Quae
438 2562 457 2603 a
480 2540 633 2605 Garzone
656 2540 765 2617 didici,
795 2561 839 2604 ex
862 2561 915 2604 me
943 2542 1102 2622 quaesivit
1125 2541 1272 2622 quidam,
1305 2551 1340 2603 ut
1363 2541 1476 2620 opinio
1498 2560 1573 2605 mea
1596 2541 1666 2619 fert,

207 2649 308 2710 homo
332 2666 451 2726 parvae
481 2646 741 2709 existimationis.
773 2645 1007 2709 Arbitrabatur
1030 2647 1116 2709 enim
1140 2666 1181 2709 eo
1204 2647 1292 2721 vitio,
1322 2666 1389 2727 quo
1412 2645 1589 2722 laboraret,
1612 2665 1668 2709 me

169 2753 373 2828 talaborare;
411 2750 576 2832 quoniam,
607 2751 667 2812 etsi
700 2749 833 2813 assidue
865 2752 1089 2830 personabant
1119 2770 1198 2813 suae
1228 2770 1324 2813 aures
1359 2751 1410 2812 sui
1438 2750 1667 2830 praeceptoris

207 2857 354 2931 vocibuS,
382 2863 502 2931 tamen,
533 2874 618 2935 quae
640 2855 684 2916 ab
707 2875 747 2917 eo
771 2854 894 2930 didicit,
925 2854 1002 2917 mihi
1025 2854 1162 2917 nescivit
1191 2874 1371 2935 exponere.
1405 2852 1506 2934 Quod
1529 2855 1573 2916 ab
1596 2855 1667 2918 eius

207 2981 266 3024 ore
289 2959 425 3022 huiusce
456 2958 545 3020 modi
569 2958 670 3021 verba
700 2957 902 3034 exciderant,
932 2977 1000 3021 non
1027 2959 1182 3021 admirari
1214 2978 1281 3020 non
1305 2960 1407 3037 potui.
1441 2956 1557 3038 Quivis
1578 2959 1667 3021 enim

208 3065 258 3146 (ut
280 3065 312 3126 in
335 3063 501 3143 proverbii
523 3060 797 3130 consuetudinem
820 3059 921 3146 venit)
944 3062 1093 3125 abundat
1123 3082 1222 3127 sensu
1246 3063 1390 3143 proprio.
1425 3060 1502 3125 Non
1525 3081 1600 3125 sum
1623 3063 1667 3125 ita

209 3189 330 3249 expers
353 3167 487 3243 consilii,
510 3176 547 3229 ut
569 3167 613 3229 ab
636 3186 677 3230 eo
701 3168 779 3230 artis
803 3167 985 3230 rhetorices
1009 3175 1187 3249 praecepta
1209 3167 1353 3248 petenda
1375 3186 1448 3229 esse
1470 3166 1668 3242 existimem,

168 3293 196 3335 so
209 3293 294 3356 quae
324 3273 432 3352 ipsum
463 3279 679 3352 praetereant.
713 3271 795 3334 Mihi
817 3272 849 3335 in
879 3272 1007 3336 socium
1038 3281 1071 3334 et
1093 3272 1280 3335 adiutorem
1303 3272 1334 3333 in
1358 3269 1483 3333 litteris
1500 3269 1667 3335 discendis

209 3377 395 3442 Garzonem
418 3375 531 3458 delegi,
559 3377 616 3457 qui
639 3376 735 3439 huius
758 3377 937 3440 memoriae
960 3387 1131 3441 oratorum
1154 3374 1233 3439 nulli
1256 3384 1306 3439 est
1328 3373 1504 3438 secundus.
1537 3372 1597 3438 Est
1619 3375 1667 3438 vir

208 3502 287 3547 sane
317 3501 416 3562 quam
447 3479 561 3544 litteris
593 3479 698 3544 latinis
728 3479 894 3559 eruditus;
926 3482 953 3545 si
983 3481 1053 3544 eius
1084 3479 1300 3543 familiaritate
1330 3481 1477 3557 utereris,
1507 3479 1668 3543 maiorem

207 3589 317 3668 ipsum
348 3586 467 3648 mirum
490 3585 522 3647 in
545 3584 684 3648 modum
715 3603 944 3666 cognosceres.
980 3584 1077 3648 Binas
1100 3583 1142 3647 ad
1165 3594 1199 3648 te
1222 3584 1313 3648 dedit
1344 3580 1513 3663 litteras;²)
1544 3592 1668 3666 quanta

209 3690 273 3753 sint
288 3689 496 3752 scientiarum
523 3698 623 3770 atque
646 3688 824 3751 verborum
839 3689 999 3770 gravitate
1018 3688 1165 3766 refertae,
1188 3689 1355 3770 perspicis.
1378 3686 1545 3768 Quocirca
1559 3707 1669 3770 aequo

170 3815 196 3858 aa
211 3795 295 3858 ferre
329 3793 439 3856 animo
470 3813 536 3856 non
559 3793 670 3872 potui,
692 3792 779 3855 hunc
810 3812 849 3855 ea
871 3792 971 3856 fuisse
1001 3793 1162 3856 sententia
1183 3812 1236 3854 me
1266 3813 1310 3854 ex
1333 3791 1492 3856 Garzonis
1522 3791 1669 3855 fontibus

209 3898 286 3961 nihil
311 3897 441 3959 haurire
465 3897 621 3976 potuisse.
657 3894 816 3959 Nondum
846 3916 900 3959 me
924 3896 1136 3960 consiliorum
1158 3916 1309 3960 meorum
1333 3897 1501 3978 poenituit
1535 3894 1669 3960 Christo

210 4003 338 4082 optimo
369 4001 514 4062 maximo
538 3999 725 4063 habendam
756 4020 829 4063 esse
852 4000 988 4082 gratiam
1020 4001 1182 4079 existimo,
1213 3999 1304 4082 quod
1327 4001 1397 4063 eius
1426 3998 1538 4063 afflatu
1568 4010 1670 4082 atque

211 4107 364 4168 instinctu
388 4124 441 4166 me
463 4104 505 4166 ad
530 4105 600 4167 eius
622 4103 872 4167 familiaritatem
895 4105 1120 4186 applicuerim.
1151 4104 1246 4168 Haec
1268 4104 1311 4168 ad
1333 4113 1367 4167 te
1390 4104 1515 4184 scripsi,
1536 4104 1584 4174 vir
1607 4103 1669 4167 hu-

212 4210 408 4282 manissime,
431 4227 498 4270 non
521 4208 579 4270 otii
602 4189 802 4270 abundantia
818 4208 878 4272 sed
902 4209 1025 4295 amoris
1047 4228 1125 4291 erga
1148 4218 1189 4272 te.
1213 4207 1274 4271 Est
1287 4208 1376 4293 enim
1399 4208 1431 4270 in
1446 4215 1480 4271 te
1495 4226 1570 4270 mea
1591 4227 1670 4288 pro·

171 4334 313 4395 sopensa
329 4322 361 4375 et
378 4321 538 4393 perpetua
560 4312 787 4375 benivolentia.
810 4311 902 4390 Vale,
924 4321 1024 4394 teque
1041 4313 1162 4394 quibus
1185 4332 1323 4393 possum
1340 4312 1494 4392 precibus
1516 4311 1673 4391 obsecro,

213 4427 248 4481 ut
272 4438 324 4480 me
346 4429 402 4481 tua
425 4417 581 4480 comitate
604 4417 871 4500 benignitateque
894 4414 1161 4499 complectaris.³)
1438 4424 1442 4432 '

220 4557 427 4568 -—...——-

223 4639 227 4665 τ
302 4624 321 4689 ¹)
339 4623 363 4675 T
365 4622 416 4676 alre
436 4627 514 4675 tento
533 4620 587 4674 list>
599 4621 668 4690 patin
687 4621 733 4693 hyl
752 4621 793 4675 asi
812 4622 880 4692 brzy
898 4638 934 4691 po
952 4621 1089 4690 prtehodu
1108 4621 1238 4676 Raclrove
1256 4623 1293 4676 do
1311 4622 1449 4687 Bononia,
1471 4623 1621 4693 pondvadi
1640 4641 1672 4678 ae

212 4731 229 4765 v
248 4716 312 4764 nem
336 4710 402 4780 jaho
426 4727 444 4762 v
467 4709 624 4777 predesttm
652 4709 714 4778 deje
738 4709 850 4763 sznka
875 4727 892 4762 o
910 4709 1003 4763 bratru
1028 4708 1141 4762 Karlovi
1169 4726 1186 4762 a
1210 4716 1257 4762 ten
1284 4709 1438 4778 doporouct
1462 4726 1493 4763 se
1517 4709 1672 4764 laekavoati

212 4799 321 4858 Vitove,
341 4796 466 4850 lrtereito
485 4795 657 4863 doporucenf
676 4813 712 4850 na
728 4797 847 4864 poddtek
866 4796 972 4864 pobytu
991 4794 1128 4849 italslreho
1147 4794 1255 4864 nejltpe
1274 4812 1305 4848 ae
1323 4795 1400 4849 hodi.

298 4886 319 4953 ²)
335 4884 398 4936 Psal
417 4883 493 4936 tudtt
506 4883 605 4936 >Garzo
623 4882 738 4936 dvakrat
756 4881 908 4936 Kristofovi
927 4885 1022 4951 patrue
1042 4899 1074 4936 za
1091 4882 1143 4936 tlm
1157 4883 1277 4945 ricelem,
1294 4881 1349 4951 aby
1365 4880 1507 4936 bohateho
1520 4883 1588 4937 toho
1601 4883 1673 4938 itta

212 4971 281 5025 sobe
299 4971 455 5033 zislrahale
474 4977 552 5024 tento
571 4967 612 5023 asi
631 4968 732 5022 obratil
754 4986 784 5023 se
803 4970 820 5023 k
839 4967 1012 5033 Beroaldovi,
1034 4967 1080 5037 jak
1098 4969 1193 5023 sveddf
1220 4969 1359 5023 venovAnf
1378 4969 1454 5039 spisu
1475 4969 1589 5024 »Oratio
1608 4988 1672 5040 pro·

212 5058 358 5112 verbialis«
378 5057 454 5128 (vyd.
474 5055 553 5120 1499)
573 5056 734 5110 Kriitofovi.
1247 5101 1249 5104 Α

299 5145 321 5211 ,3)
339 5145 400 5198 List
417 5152 495 5198 tento
513 5144 641 5198 klademe
660 5160 696 5197 na
713 5160 735 5198 r.
754 5143 830 5207 1498,
848 5143 964 5197 ktereho
983 5143 1051 5196 rolru
1070 5143 1178 5198 Kristof
1192 5145 1228 5197 do
1247 5142 1374 5197 Bononie
1393 5143 1503 5206 zavltal,
1522 5144 1671 5212 pontvadi

214 5230 324 5284 tenkrat
341 5229 461 5300 nejspfse
480 5231 571 5284 hledal
588 5230 612 5284 si
631 5230 742 5295 uditele,
765 5232 808 5300 pli
826 5230 906 5285 demi
931 5247 977 5284 mu
996 5230 1089 5299 lrrajan
1106 5229 1172 5299 jeho
1191 5230 1282 5284 hledel
1306 5230 1365 5300 by'ti
1384 5246 1532 5299 pomocen.
1557 5232 1672 5302 (Srovn.

215 5317 419 5372 Humanismus
437 5325 483 5372 str.
505 5315 572 5382 103.)
