3674 5858
204 389 239 444 68
564 392 668 447 Viclnv
686 390 804 461 Ptrecky
823 393 859 447 11.
878 391 1029 447 Michalovi
1047 408 1079 447 ze
1097 391 1194 448 Strtle
1213 390 1288 445 1511.

206 600 268 663 Vel
291 601 335 662 ita
365 600 407 662 de
429 599 534 664 Musis
563 601 694 663 Latium
725 600 944 665 incolentibus
974 603 1083 666 solum
1111 611 1222 665 actum
1246 611 1306 675 est,
1337 612 1373 664 ut
1396 620 1513 664 omnes
1536 610 1660 681 poetae

204 703 254 766 vel
277 724 343 766 uno
366 704 514 767 teruncio
537 705 769 767 aestimentur?
792 701 901 785 Super
924 705 974 767 his
997 706 1097 786 cupio
1120 725 1139 768 a
1162 716 1195 768 te
1211 707 1330 769 certior
1347 706 1441 769 reddi
1464 714 1496 767 et
1520 705 1660 786 quidem

205 808 312 884 fusius,
336 807 394 869 nisi
417 808 593 870 molestum
616 818 677 871 est.
700 806 734 871 Si
758 810 843 871 enim
867 810 1040 872 chartacea
1056 809 1110 872 illa
1126 810 1277 891 supellex
1293 811 1352 872 tibi
1367 819 1417 873 est
1433 810 1532 884 oneri,
1557 829 1661 891 quarn

205 920 322 991 potero
353 913 515 987 citissime,
546 923 613 975 tam
643 923 676 975 te
707 913 771 977 hoc
803 913 890 977 lasce
921 913 1047 991 levabo,
1078 914 1181 977 modo
1209 934 1263 977 me
1294 915 1467 977 certiorem
1498 914 1661 976 effeceris.

179 1031 192 1071 r,
206 1014 305 1095 Quod
331 1017 484 1097 magister
499 1018 617 1080 artium
634 1019 697 1079 iam
716 1018 801 1081 lorte
815 1039 877 1099 pro
893 1038 985 1081 more
1002 1018 1163 1082 salutatus
1178 1018 1257 1103 sis,¹)
1280 1018 1426 1101 gratulor
1440 1019 1498 1082 tibi
1514 1028 1662 1100 tuaeque

206 1120 356 1182 fortunae
379 1120 481 1183 laveo.
505 1121 588 1184 Vale
611 1133 643 1185 et
667 1125 774 1186 bonos
797 1134 950 1187 auctores
966 1124 1080 1187 evolve
1095 1125 1258 1205 germanis
1274 1123 1334 1186 illis
1350 1123 1476 1202 ineptiis
1492 1123 1662 1205 neglectis,

204 1243 289 1305 quae
313 1224 461 1303 prolecto
484 1227 586 1307 gerris
610 1224 659 1308 (ut
681 1224 786 1311 aiunt)
809 1228 928 1293 Siculis
960 1239 1036 1291 sunt
1058 1229 1218 1291 vaniores.
1257 1227 1378 1290 lterum
1402 1227 1473 1290 vale
1496 1238 1529 1290 et
1552 1227 1663 1290 stude.

206 1327 351 1390 Bononia
375 1329 452 1391 Idus
476 1329 587 1394 Maias.

873 1574 989 1637 XXlll.

438 1710 602 1786 Vaclav
630 1710 813 1808 Plseckv
843 1712 899 1785 M.
928 1712 1163 1787 Michalovi
1189 1736 1238 1788 ze
1267 1712 1421 1789 Stratie.

292 1914 316 1968 11
336 1917 465 1971 Bononii
484 1917 574 1986 (1511)
594 1948 625 1956 -
647 1917 739 1972 2-4.
760 1917 883 1974 derunt.
903 1918 965 1972 lel
984 1918 1086 1973 svlzele
1106 1921 1231 1974 druheho
1251 1920 1319 1972 rolru
1337 1920 1442 1990 pobytu
1460 1920 1549 1974 svkho
1569 1938 1588 1971 v
1607 1921 1662 1972 Bo·

206 2003 290 2066 nonii,
308 2005 410 2072 napled
430 2005 577 2074 nepohody
596 2003 706 2072 livelnl,
730 2013 826 2073 potorn
851 2008 950 2076 r'rtrnpy
974 2023 1006 2059 ze
1031 2007 1156 2074 zdpletelr
1181 2006 1345 2077 vdlecnyeh,
1370 2007 1447 2061 litere
1466 2007 1503 2076 jej
1530 2008 1661 2061 koneene

205 2090 264 2142 nutl
282 2091 349 2143 ne-li
367 2107 383 2143 z
400 2091 478 2144 ltalie
497 2093 585 2160 aspoll
603 2108 619 2145 z
638 2093 766 2147 Bononie
785 2112 815 2147 se
834 2093 1020 2163 vystehovati.
1041 2093 1122 2163 (List.
1141 2095 1199 2163 rlrp.
1219 2096 1269 2149 cis.
1287 2094 1349 2148 Xlll
1367 2112 1384 2148 a
1403 2083 1433 2148 lt.
1453 2095 1502 2147 dis.
1521 2095 1578 2163 111.)

292 2302 487 2367 Vinceslaus
511 2303 655 2367 Boemus
678 2304 830 2368 Michaeli
860 2326 922 2369 suo
946 2326 970 2368 s.
994 2327 1024 2387 p.
1048 2307 1080 2368 d.
1125 2304 1292 2368 Dederam
1325 2306 1500 2369 Vincentio
1531 2305 1662 2385 priores

168 2420 193 2461 10
207 2406 314 2470 literas
344 2408 386 2470 ad
417 2418 450 2470 te
481 2408 691 2488 perferendas
721 2429 788 2472 uno
818 2411 883 2472 iam
913 2411 1032 2473 abhinc
1064 2429 1177 2472 mense
1200 2411 1409 2488 circumacto,
1444 2419 1536 2473 ratus
1560 2408 1662 2484 illurn,

206 2520 304 2590 prout
327 2511 553 2586 destinaverat,
582 2532 681 2595 quarn
714 2515 855 2594 primum
889 2514 1034 2577 bononia
1057 2514 1314 2594 excessuruml)
1359 2514 1415 2578 llle
1442 2535 1520 2576 vero
1551 2515 1660 2576 subita

207 2635 315 2677 rerum
338 2619 519 2679 mutatione
541 2627 658 2681 coorta
680 2619 712 2680 in
736 2617 815 2681 lunii
838 2639 945 2700 usque
968 2617 1130 2682 Calendas
1153 2638 1281 2681 moram
1300 2618 1433 2681 trahens
1449 2619 1661 2681 occasionem

206 2720 283 2782 mihi
306 2720 396 2784 dedit
419 2721 478 2784 has
501 2723 679 2787 etiamnum
704 2721 812 2787 literas
835 2724 878 2786 ad
901 2734 934 2787 te
957 2724 1191 2804 perscribendi.
1223 2722 1270 2786 lta
1292 2725 1378 2787 enim
1402 2744 1488 2786 nunc
1511 2724 1543 2786 in
1568 2722 1661 2785 ltalia

206 2825 329 2902 vivitur,
359 2827 385 2888 is
416 2846 525 2889 rerum
553 2836 659 2890 status
691 2838 749 2904 est,
784 2839 819 2891 ut
850 2829 1013 2892 tumultus
1040 2828 1093 2891 ille
1123 2827 1260 2891 bellicus
1292 2828 1387 2911 longe
1422 2828 1554 2909 lateque
1585 2847 1660 2907 per·

169 2938 355 3010 instrepens
378 2931 454 2993 nihil
478 2933 633 3012 quietum,
665 2931 742 2994 nihil
769 2932 882 3009 lidum,
912 2952 978 2996 non
1010 2933 1126 2996 stabile
1157 2953 1194 2995 ac
1225 2932 1365 3009 firmum,
1395 2952 1462 2995 non
1491 2953 1533 2995 ne
1556 2950 1662 2995 unum

208 3033 340 3114 quidem
363 3035 450 3099 diem
475 3037 669 3116 patiatur;⁸)
700 3047 768 3099 tarn
792 3048 842 3100 est
875 3046 931 3100 aut
963 3058 1100 3118 prorsus
1131 3037 1241 3099 infelix
1271 3047 1328 3100 aut
1351 3036 1447 3118 plane
1469 3039 1664 3100 inconstans

208 3137 308 3214 ltalia,
330 3148 366 3201 ut
389 3160 492 3221 quum
514 3141 557 3203 ab
580 3142 726 3204 externis
742 3141 1013 3222 populationibus
1028 3145 1084 3205 vix
1101 3161 1245 3222 unquam
1262 3142 1303 3204 sit
1319 3140 1429 3219 libera,
1451 3141 1666 3205 nihilominus

207 3254 315 3305 tamen
342 3245 413 3324 ipsa
443 3245 475 3307 in
504 3246 684 3308 maximam
715 3248 765 3308 sui
796 3246 955 3309 iacturam
987 3247 1140 3308 intestino
1172 3266 1245 3308 sese
1278 3245 1429 3308 conficiat
1463 3244 1560 3322 belle,
1594 3265 1663 3325 quo

207 3346 329 3409 scilicet
352 3349 492 3428 patriam
515 3369 608 3413 suam
624 3360 692 3412 tam
709 3349 855 3427 fertilem,
878 3360 945 3413 tam
961 3371 1136 3413 amoenam
1154 3361 1288 3432 tamque
1304 3349 1354 3413 vel
1371 3351 1502 3413 urbium
1519 3349 1666 3429 pulchri·

167 3452 319 3514 wtudine
342 3452 392 3514 vel
415 3453 600 3517 studiorum
625 3454 706 3517 flore
739 3454 865 3518 felicem
897 3456 929 3517 in
961 3475 1034 3518 earn
1058 3454 1248 3518 foeditatem
1274 3455 1408 3538 redigat,
1431 3465 1468 3517 ut
1491 3455 1665 3534 patientis·

207 3556 326 3618 simum
349 3558 445 3619 etiam
470 3578 623 3640 quenque
645 3560 677 3622 in
700 3579 739 3622 ea
761 3538 1087 3642 vivere'quandoque
1110 3561 1249 3623 taedeat.
1273 3559 1362 3623 Volo
1385 3569 1496 3622 autern
1517 3560 1578 3622 tibi
1601 3579 1665 3639 pro

208 3661 374 3741 epistolari
398 3663 556 3726 brevitate
584 3684 623 3727 ac
654 3663 728 3729 stilo
755 3664 894 3728 alterum
925 3665 1011 3727 hunc
1035 3684 1165 3738 annum,
1194 3683 1293 3746 quem
1317 3664 1484 3727 Bononiae
1507 3683 1580 3746 ago,
1604 3664 1665 3726 de·

209 3766 360 3843 scribere,
390 3776 426 3829 ut
449 3766 645 3850 intelligeres
675 3765 759 3850 (sic),
790 3789 831 3831 an
855 3769 945 3849 parvi
978 3769 1054 3831 mihi
1083 3768 1174 3844 haec,
1205 3767 1494 3851 quantulacunque
1517 3778 1577 3845 est,
1610 3789 1665 3830 res

208 3868 347 3934 literaria
370 3872 550 3955 contigerit.
596 3872 758 3954 Principio
789 3874 846 3937 ubi
876 3886 984 3937 aestas
1013 3875 1077 3938 iam
1100 3872 1321 3947 adolescebat,
1351 3873 1440 3935 canis
1468 3870 1520 3934 ille
1542 3868 1665 3951 Syrius

169 3983 276 4036 utam
299 3974 434 4038 licenter
457 3977 489 4039 in
512 3996 574 4039 nos
597 3998 656 4040 ora
679 3998 738 4041 sua
762 3978 935 4056 extulerat,
966 3989 1091 4041 utnon
1114 3979 1217 4061 magis
1248 3997 1344 4040 urere
1373 3996 1473 4058 quam
1496 3976 1665 4039 suffocare

208 4076 290 4140 velle
317 4078 483 4142 videretur
514 4081 678 4144 mortales.
725 4082 915 4163 Exceperat
946 4082 1032 4145 illam
1060 4103 1141 4145 mox
1171 4092 1350 4145 autumnus
1380 4081 1561 4157 obsidione,
1597 4101 1666 4162 qua

208 4183 302 4245 cincti
327 4203 465 4262 eramus,
487 4194 555 4247 tam
578 4187 686 4264 tristis,
709 4206 809 4267 quarn
826 4196 896 4249 erat
918 4187 971 4249 illa
988 4186 1180 4266 periculosa.
1203 4186 1391 4251 Subsecuta
1411 4184 1531 4249 deinde
1547 4185 1666 4263 hiems,

209 4286 260 4349 illa
284 4288 418 4369 quidem
441 4290 584 4372 glacialis
607 4302 640 4354 et
663 4291 760 4372 plane
783 4302 899 4355 vestra.
931 4291 1042 4355 Nihilo
1065 4293 1151 4354 enim
1175 4292 1284 4354 mitius
1307 4291 1480 4355 nobiscum
1504 4289 1579 4372 egit,
1602 4310 1665 4353 seu

207 4403 243 4455 tu
267 4394 361 4475 gelua
383 4396 558 4474 aspicias⁴)
581 4416 639 4459 seu
662 4398 760 4460 nives.
785 4397 909 4460 Videre
933 4406 1002 4460 erat
1026 4416 1092 4459 non
1116 4396 1223 4459 solum
1247 4397 1335 4459 stiria
1358 4394 1433 4478 gelu
1456 4395 1576 4458 durata
1601 4396 1664 4458 sed

168 4507 240 4559 :net
263 4497 354 4576 ipsos
376 4498 547 4562 fluminum
569 4500 681 4563 alveos
703 4501 831 4584 frigoris
854 4501 1058 4563 vehementia
1074 4500 1267 4581 usqueadeo
1292 4506 1475 4576 concretos,
1505 4508 1540 4561 ut
1566 4518 1665 4562 more

209 4621 403 4680 camporum
427 4601 520 4666 facile
543 4615 689 4668 meatum
712 4605 924 4668 admitterent
953 4626 1019 4668 non
1050 4605 1221 4668 hominurn
1252 4605 1356 4668 modo
1378 4603 1438 4666 sed
1468 4612 1502 4666 et
1533 4604 1667 4666 iumen-

208 4716 327 4769 torum.
374 4707 440 4770 lam
471 4729 550 4772 vero
581 4730 620 4772 ea
649 4711 697 4773 vis
726 4711 849 4774 nivium
883 4720 953 4773 erat
983 4719 1140 4791 tantaque
1170 4709 1340 4772 altitudine
1369 4707 1579 4789 superficiem
1603 4709 1668 4772 soli

297 4951 315 5014 ¹)
335 4949 472 5003 Hodnosti
493 4950 620 5004 misti-sle
640 4951 722 5020 nabyl
748 4953 812 5005 Petr
833 4952 870 5019 jil
896 4970 913 5003 v
937 4951 1007 5018 lljnu
1032 4969 1051 5004 r.
1080 4949 1147 5003 1510
1169 4949 1242 5018 (Lib.
1262 4949 1322 5002 dec.
1342 4950 1374 5012 ll,
1391 4947 1463 5018 236),
1489 4956 1570 5015 proto
1596 4950 1668 5017 psam

209 5035 254 5088 list
273 5053 293 5088 r.
315 5037 388 5090 1511.

296 5142 316 5206 ²)
335 5129 368 5193 ll:
389 5159 576 5208 egressurum.

296 5231 315 5289 ³)
335 5230 358 5279 T
360 5230 394 5281 ali
415 5216 445 5288 li,
465 5231 526 5280 nte:
546 5229 707 5297 patiebatur.

298 5317 315 5380 Ι)
334 5317 402 5367 Nais:
421 5316 548 5383 aspicies.
