3674 5858
594 424 686 479 Racelr
703 425 801 495 Janovi
819 442 835 479 z
853 425 996 480 Lobkovic
1017 458 1057 480 -.

773 741 876 802 XXX.

519 880 664 952 Racek
683 880 834 973 Janovi
859 904 880 951 z
902 881 1133 954 Lobkovic.

192 1116 222 1122 -
243 1116 273 1121 —
295 1084 471 1151 Doporuduje
492 1085 565 1137 vlele
578 1085 647 1137 ialia
659 1086 746 1138 sveno
760 1088 860 1155 Hynka
873 1087 983 1139 Krabici
998 1104 1012 1139 z
1026 1088 1168 1140 Weitmile
1187 1089 1202 1138 k
1217 1089 1379 1155 opatrovani
1393 1106 1410 1138 v
1424 1087 1552 1149 Bononii‚

97 1171 166 1222 kam
187 1180 265 1223 tento
284 1189 319 1223 na
338 1172 420 1223 udeni
439 1190 469 1224 se
489 1171 573 1231 obita,
593 1172 673 1240 znaje
693 1177 740 1242 pry
761 1191 792 1226 ze
812 1175 995 1227 sedmileteho
1014 1175 1117 1244 pobytu
1136 1175 1236 1227 lstivou
1256 1176 1365 1242 povahu
1384 1175 1452 1227 Italo
1485 1176 1552 1227 Dale

96 1257 257 1325 oznamuje‚
276 1258 308 1311 ie
326 1258 402 1311 bratr
419 1261 582 1311 adressatbv
607 1259 737 1312 Ladislav
757 1279 773 1312 u
794 1262 866 1313 neho
885 1261 958 1328 pilne
983 1262 1066 1314 latine
1085 1280 1115 1314 se
1135 1261 1179 1313 udi
1204 1279 1220 1313 a
1245 1261 1310 1330 brzy
1335 1262 1396 1314 take
1422 1263 1457 1314 do
1476 1262 1553 1314 ltalie

96 1361 133 1396 se
151 1345 233 1412 vydtr,
252 1344 259 1396 i
279 1345 370 1397 chvdll
389 1348 481 1414 stryce
498 1345 593 1412 jejich,
612 1347 698 1414 litery,
716 1349 748 1399 ac
768 1347 827 1399 sam
848 1347 932 1417 latiny
952 1349 1047 1410 neznd,
1068 1352 1131 1416 plec
1149 1348 1198 1414 jim
1216 1349 1326 1416 opattiti
1341 1349 1414 1401 hledl
1427 1348 1553 1401 vzddlanl

97 1431 316 1484 humanisticke.
335 1432 391 1500 (Na
411 1432 492 1484 konci
512 1433 614 1500 vydani
636 1434 762 1501 »Vlasty«
785 1434 932 1495 hlitisova.)

192 1626 376 1688 Rodericus
400 1626 577 1689 Dubravus
595 1627 712 1708 loanni
728 1628 967 1707 Lobcovici0,¹)
984 1650 1011 1689 v.
1028 1628 1075 1703 cl,
1091 1651 1115 1691 s.
1141 1629 1340 1706 Hynkonem
1358 1629 1555 1708 Krabicze,²)

99 1750 206 1793 unum
229 1750 273 1791 ex
296 1730 464 1811 discipulis
488 1732 577 1807 meis,
607 1731 773 1794 literarum
803 1733 977 1795 latinarum
1007 1734 1292 1809 studiosissimum,
1322 1733 1554 1796 studiosiorem

98 1835 238 1897 veroin
261 1854 315 1896 me
337 1834 489 1911 colendo,
512 1855 579 1897 non
602 1837 709 1897 minus
733 1837 790 1897 tibi
813 1838 957 1899 amicum
980 1836 1260 1912 iucundissimum,
1292 1837 1347 1917 qui
1371 1835 1554 1900 Bononiam

97 1950 260 2020 tanquam
284 1938 327 2000 ad
351 1950 532 2001 mercatum
558 1940 718 2002 bonarum
751 1941 916 2004 literarum
946 1942 1007 2003 iter
1037 1940 1279 2021 capessendum
1304 1940 1408 2017 duxit,
1438 1942 1555 2004 ceteris

99 2043 259 2105 omnibus
291 2043 391 2106 rebus
424 2043 500 2107 volo
530 2044 589 2106 tibi
619 2064 692 2107 esse
726 2045 1094 2121 commendatissimum,
1127 2045 1298 2126 velimque,
1332 2053 1368 2106 ut
1401 2064 1478 2107 eum
1512 2046 1595 2107 itas

98 2155 235 2223 tractes,
266 2149 309 2209 ita
340 2168 453 2211 curam
484 2149 586 2227 ipsius
616 2168 711 2231 geras
735 2150 967 2230 suscipiasque,
1003 2160 1039 2211 ut
1069 2150 1214 2211 maxime
1243 2147 1367 2211 videbis
1397 2150 1457 2211 sibi
1486 2148 1555 2212 lore

99 2255 388 2332 pemecessarium
411 2262 534 2334 tuaque
558 2254 714 2334 dignitate
738 2264 770 2315 et
793 2253 994 2315 humanitate
1018 2254 1252 2336 dignissimum.
1287 2253 1398 2315 Debes
1421 2253 1555 2334 quidem

98 2355 188 2419 velle
211 2356 284 2437 (sic)
314 2358 558 2420 adolescentem
592 2358 809 2440 peregrinum,
840 2377 969 2419 morum
999 2377 1037 2419 ac
1069 2358 1190 2419 rituum
1218 2356 1403 2420 Italicorum
1426 2357 1556 2439 penitus

99 2462 318 2541 ignorantem,
341 2472 418 2523 tuae
441 2463 565 2541 patriae
589 2463 701 2537 civem,
732 2481 773 2523 ne
796 2462 829 2522 in
853 2460 1001 2522 fraudem
1026 2461 1209 2524 deducatur
1233 2462 1556 2524 circumveniaturve.

98 2564 188 2628 Sum
211 2566 296 2627 enim
320 2566 405 2628 bene
428 2576 587 2645 expertus
609 2567 737 2649 ingenia
754 2564 918 2641 Italorum,
941 2567 996 2646 qui
1014 2566 1220 2645 septennium
1236 2564 1302 2628 lere
1319 2565 1381 2628 illic
1397 2566 1427 2626 in
1444 2565 1555 2628 studio
1571 2580 1596 2623 10

99 2667 272 2731 literarum
296 2671 428 2752 egerim,
462 2680 498 2732 tu
522 2690 664 2752 quoque,
688 2671 743 2752 qui
767 2689 833 2732 non
856 2690 995 2749 parvum
1018 2668 1132 2732 leceris
1148 2670 1341 2750 periculum.
1366 2669 1481 2750 ltaque
1497 2669 1556 2730 erit

99 2773 185 2835 mihi
207 2775 437 2855 gratissimum,
460 2776 486 2836 si
509 2774 599 2837 illum
615 2775 757 2837 volueris
773 2774 814 2836 ab
832 2774 881 2836 his
897 2774 1020 2835 iniuriis
1036 2794 1109 2835 esse
1125 2775 1286 2855 integrum
1301 2783 1334 2835 et
1349 2773 1557 2836 incolumem.

99 2876 151 2939 Et
175 2888 210 2939 ut
232 2878 289 2940 tibi
314 2878 421 2940 dicam
438 2879 479 2940 ad
496 2899 671 2956 summum,
695 2880 781 2941 hunc
804 2879 861 2940 tibi
887 2879 1085 2942 commendo
1102 2898 1141 2940 ea
1157 2877 1450 2955 commendatione,
1472 2896 1558 2959 quae

98 2990 217 3061 potest
239 3001 312 3043 esse
327 2981 580 3063 diligentissima.
605 2983 786 3057 Ladislaus,
810 2983 909 3045 frater·
924 3002 1099 3064 germanus
1114 2991 1200 3058 tuus,
1223 3002 1328 3063 usque
1343 2982 1452 3045 adhuc
1467 2981 1557 3063 apud

99 3104 160 3147 me
183 3084 282 3148 literis
305 3085 410 3149 latinis
432 3086 582 3168 invigilat,
613 3088 665 3150 cui
688 3086 882 3168 propediem
906 3089 965 3147 iter
1000 3086 1042 3148 ad
1066 3095 1098 3149 te
1128 3086 1295 3166 suscipere
1318 3087 1492 3168 continget,
1522 3095 1558 3148 ut
1572 3102 1598 3144 ro

98 3210 149 3252 ex
166 3189 285 3252 eodem
300 3188 398 3266 fonte,
421 3210 488 3271 quo
504 3200 539 3252 tu
557 3192 676 3269 hauris,
699 3192 808 3254 literas
825 3192 930 3253 bonas
947 3209 1081 3271 quoque
1097 3190 1233 3253 hauriat.
1258 3189 1325 3267 Est,
1349 3210 1402 3252 me
1418 3189 1558 3266 hercule,

98 3303 245 3374 patruus
267 3303 345 3357 tuus
368 3295 520 3357 maximis
544 3296 698 3359 laudibus
721 3294 943 3370 illustrandus,
974 3295 1029 3376 qui
1059 3296 1118 3357 etsi
1152 3294 1261 3357 literas
1284 3294 1400 3358 latinas
1422 3296 1560 3376 ignoret,

98 3410 234 3460 amator
258 3410 367 3460 tamen
392 3401 432 3461 sit
455 3400 618 3462 maximus
642 3421 765 3477 earum,
788 3420 853 3481 qua
877 3400 1010 3481 quidem
1028 3419 1062 3460 re
1078 3419 1138 3461 vos
1155 3398 1265 3461 mallet
1281 3398 1436 3460 adiuvare
1460 3417 1559 3479 quam

98 3503 233 3578 divitiis,
262 3503 294 3565 id
318 3502 410 3583 quod
433 3503 664 3566 Alexandrum
695 3504 849 3587 Magnum
880 3503 1044 3566 factitasse
1074 3503 1231 3584 inquiunt,
1262 3521 1337 3564 cum
1368 3503 1558 3583 praesertim

97 3626 227 3689 genere
250 3607 318 3669 sitis
341 3604 532 3670 nobilissimi
555 3617 655 3688 atque
678 3608 856 3669 clarissimi.
881 3607 965 3669 Vale
988 3606 1129 3669 feliciter.
1572 3620 1599 3662 so

199 3829 215 3893 ¹)
232 3828 284 3896 Jan
302 3835 381 3881 tento
399 3844 416 3880 a
435 3826 509 3881 bratr
524 3829 590 3896 jeho
611 3829 710 3881 mladsl
729 3828 860 3881 Ladislav
879 3827 935 3896 byli
955 3829 1059 3897 synove
1080 3828 1236 3885 Ladislava.
1258 3836 1371 3895 praotce
1390 3827 1560 3881 Chlumecke

98 3917 189 3969 vetve
208 3914 253 3967 tili
272 3914 417 3983 nynejslch
437 3915 530 3968 knliat
549 3932 563 3968 z
582 3915 735 3969 Lobkovic.
766 3915 843 3985 Kdyi
863 3923 940 3968 tento
959 3915 1004 3967 list
1029 3915 1074 3984 byl
1097 3916 1174 3983 pean,
1201 3915 1256 3983 byli
1276 3918 1373 3982 patrne
1392 3913 1488 3967 sirotci
1507 3914 1561 3982 pod

98 4002 316 4072 porudenstvlm
336 4003 486 4056 nekterdho
505 4005 605 4071 stryce.
625 4002 676 4055 Ale
696 4003 749 4072 kdy
769 4011 797 4054 to
816 4003 889 4072 bylo,
909 4003 1049 4054 neumime
1069 4003 1207 4070 povedeti.

197 4087 219 4156 ¹)
238 4089 323 4141 Podle
341 4087 492 4158 Jiredkovy
511 4089 647 4141 Rukoveti
665 4089 712 4157 hyl
731 4097 809 4142 tento
828 4090 929 4159 Hynek
948 4089 1092 4142 bralrovec
1113 4089 1243 4156 probosta
1262 4088 1391 4149 Kristola.
1408 4089 1501 4156 jemui
1516 4089 1562 4140 nll-

97 4175 185 4230 utere
204 4174 268 4243 listy
287 4175 420 4244 Raclrovy
438 4176 543 4229 sveddl.
573 4176 721 4229 Pondvadi
743 4183 820 4229 tento
844 4177 946 4245 Hynek
964 4184 1042 4242 teprv
1068 4193 1088 4228 r.
1110 4175 1177 4227 1523
1203 4176 1249 4245 byl
1269 4175 1475 4243 mlstoplsatem
1495 4175 1562 4227 deslr

96 4261 268 4329 zemskych
286 4261 400 4330 pl‘ipada
417 4262 487 4315 snad
506 4262 552 4315 list
571 4269 647 4315 tento
665 4281 683 4314 v
702 4262 775 4315 dobu
794 4264 898 4315 znacne
913 4262 1019 4324 mladsi,
1039 4261 1090 4314 nei
1105 4264 1229 4331 vsechny
1244 4260 1458 4331 ptedchazejicl.
1477 4261 1560 4315 Dobu

96 4357 134 4402 tu
155 4347 204 4401 ani
221 4347 355 4417 ptlbliine
374 4348 456 4402 orditi
475 4348 639 4401 nemoreme
659 4349 747 4401 zvlast
764 4357 850 4417 proto,
870 4350 902 4401 ie
915 4349 1104 4417 rukopisneho
1117 4349 1248 4418 rodopisu
1262 4349 1364 4402 Krabic
1384 4347 1562 4403 zWeitmllo

93 4433 189 4502 jehoi
207 4434 351 4488 aulstorem
370 4436 454 4503 prdve
474 4441 551 4487 tento
570 4435 671 4504 Hynek
688 4434 752 4502 jest,
773 4452 808 4488 na
827 4443 874 4487 ten
894 4438 942 4488 das
961 4435 1038 4503 najiti
1054 4437 1140 4489 nelze.
1159 4437 1255 4505 Aspoh
1274 4454 1291 4487 v
1304 4437 1472 4490 seznamech
1486 4435 1562 4493 univ.

96 4520 282 4590 bibliotheky
301 4520 429 4585 Weiske,
452 4521 505 4575 hde
524 4521 604 4589 podle
629 4522 712 4590 zprfiv
731 4522 851 4575 starslch
876 4523 929 4575 mel
955 4522 991 4591 by
1010 4523 1121 4590 rukopis
1146 4530 1192 4576 ten
1217 4540 1247 4574 se
1267 4523 1419 4584 nachazeti‚
1443 4539 1478 4590 po
1498 4525 1562 4575 nem

96 4608 174 4665 neni
195 4614 286 4678 stopy.
