3674 5858
285 415 321 468 94
578 416 628 486 Jan
648 401 760 468 Slechta
778 415 974 478 Stanislavovi,
990 415 1109 483 biskupu
1129 415 1350 468 Olomouclremu
1370 412 1446 468 1522.

289 625 378 699 bunt,
400 644 442 685 ex
467 623 587 704 quibus
611 622 702 684 lacile
726 623 799 703 quis
822 623 879 685 viri
903 622 986 685 illius
1009 621 1227 689 eruditionem
1250 626 1335 688 sicut
1358 624 1486 688 leonem
1509 647 1554 688 ex
1571 626 1738 708 unguibus

288 729 459 790 aestimare
489 727 618 806 poterit.
658 724 736 805 Quo
759 726 812 788 ille
834 725 982 806 perlecto
1014 724 1063 807 (ut
1092 728 1237 805 tandem,
1267 729 1355 791 unde
1386 729 1552 810 digressus
1583 749 1666 804 surn,
1689 749 1740 792 re·

288 833 396 911 deam)
431 833 473 893 ita
505 830 581 892 mihi
615 831 697 892 inter
727 839 835 892 cetera
865 831 1044 910 rescripsit:
1083 831 1265 911 ’Quoniam
1295 843 1405 895 autem
1436 833 1479 895 de
1509 832 1641 916 dialogo
1675 842 1736 896 tuo

288 938 443 1000 iudicium
474 953 583 996 meum
615 935 760 1014 requiris,
790 935 903 1013 accipe
926 934 1004 1015 quid
1028 938 1174 999 sentiam.
1213 935 1341 1001 Censeo
1363 937 1458 1011 enim,
1481 947 1516 999 ut
1539 959 1582 999 ex
1606 937 1738 999 Horatii

260 1042 446 1120 tFabiique
469 1037 604 1100 consilio
629 1037 747 1099 librum
771 1045 865 1099 tuum
890 1038 929 1119 (si
952 1038 1010 1099 tibi
1033 1038 1148 1102 saltem
1174 1061 1224 1104 res
1248 1040 1371 1122 integra
1394 1052 1457 1103 est·
1481 1042 1513 1103 in
1536 1061 1661 1103 nonum
1685 1061 1738 1104 re·

286 1166 391 1227 ponas
413 1163 543 1206 annum.
568 1141 686 1222 Neque
709 1142 790 1203 haec
806 1143 924 1217 scrib0,
946 1142 1037 1224 quod
1053 1143 1174 1226 aliquid
1199 1143 1430 1227 corrigendum
1455 1145 1738 1208 irnrnutandumve

287 1260 409 1330 putem,
432 1248 491 1309 sed
514 1247 589 1328 quia
611 1266 709 1308 nemo
733 1245 829 1308 huius
853 1247 962 1325 operis
986 1247 1099 1309 melior
1122 1269 1241 1312 censor
1256 1251 1317 1311 erit
1332 1269 1431 1331 quarn
1447 1258 1492 1324 tu,
1515 1250 1541 1311 si
1557 1249 1738 1330 aliquando

288 1353 420 1416 lectoris
442 1351 545 1432 magis
569 1370 667 1430 quam
690 1351 814 1413 autoris
836 1351 947 1412 animo
970 1351 1012 1411 ad
1036 1373 1083 1429 ea,
1107 1372 1192 1433 quae
1215 1354 1381 1433 scripsisti,
1404 1353 1590 1416 accessris.
1619 1353 1740 1433 Neque

288 1458 415 1534 dubito,
445 1455 522 1535 quin
546 1474 606 1534 pro
630 1455 745 1536 ingenii
769 1455 817 1515 tui
841 1455 1063 1536 magnitudine
1093 1455 1186 1536 plura
1210 1456 1433 1539 validioraque
1456 1456 1487 1519 in
1510 1477 1583 1519 eam
1607 1468 1739 1521 senten·

252 1577 276 1618 ¹0
289 1565 366 1625 tiam
389 1558 547 1622 allaturus
570 1559 622 1634 sis,
645 1568 677 1619 et
701 1576 785 1637 quae
809 1559 904 1619 nobis
927 1559 1001 1638 plus
1024 1558 1149 1622 [ructus
1165 1560 1409 1642 voluptatisque
1432 1561 1619 1641 praebitura
1642 1564 1736 1624 sint«

289 1664 390 1729 Cuius
413 1682 476 1744 ego
499 1661 671 1724 consilium
695 1662 778 1723 sicut
801 1662 833 1723 in
855 1660 926 1724 aliis
948 1663 1056 1725 multis
1080 1665 1171 1726 itaet
1188 1664 1397 1744 inpraesenti
1420 1665 1553 1746 negotio
1576 1673 1741 1747 sequutus

290 1771 334 1832 sic
357 1768 427 1844 leci,
450 1776 483 1828 et
506 1765 650 1827 libellum
674 1766 782 1844 ipsum
806 1785 872 1827 non
896 1766 938 1829 ad
954 1784 1078 1829 nonum
1095 1787 1200 1849 usque
1215 1787 1337 1831 annum
1361 1767 1459 1850 (sicut
1483 1768 1553 1848 ipse
1568 1788 1612 1829 ex
1628 1767 1740 1830 Flacci

289 1872 449 1937 sententia
471 1869 655 1946 admonuit)
686 1867 746 1930 sed
769 1869 811 1930 ad
836 1868 1027 1950 vigesimum
1049 1870 1139 1950 apud
1163 1891 1216 1933 me
1240 1872 1364 1946 retinui,
1395 1872 1593 1952 saepiusque
1615 1872 1740 1953 perlegi

289 1990 321 2041 et
338 1976 444 2057 relegi,
467 1973 635 2054 multaque
651 1973 733 2034 inter
749 1972 925 2055 legendum
941 1976 1072 2051 mutavi,
1087 1975 1181 2055 plura
1196 1986 1307 2038 autern
1324 1974 1427 2038 multo
1450 1975 1571 2038 addidi.
1594 1973 1741 2056 Cupiens

252 2096 277 2136 1⁶
291 2084 432 2160 insuper,
455 2088 492 2140 ut
514 2098 533 2139 a
557 2077 666 2139 sannis
689 2085 722 2138 et
744 2076 875 2140 ronchis
892 2077 1075 2140 invidorum
1099 2081 1199 2143 tutior
1214 2091 1246 2142 et
1262 2081 1409 2142 securior
1432 2089 1527 2156 esset,
1550 2078 1625 2142 dedi
1649 2079 1742 2142 illum

292 2185 504 2249 revidendum
528 2190 561 2243 et
584 2180 814 2263 corrigendum
838 2180 938 2244 nobili
954 2201 993 2243 ac
1009 2184 1186 2261 praestanti
1209 2183 1278 2245 viro
1301 2182 1418 2264 Joanni
1443 2182 1631 2245 Daubravio
1648 2184 1742 2245 iuris-

292 2288 444 2353 consulto
469 2284 664 2348 cancellario
685 2294 754 2362 tuo,
777 2285 899 2347 homini
923 2287 1096 2367 omnigena
1112 2287 1262 2349 doctrina
1279 2286 1439 2367 praedito,
1462 2306 1530 2366 quo
1553 2295 1585 2347 et
1601 2285 1654 2348 ille
1670 2306 1744 2366 per-

291 2394 377 2456 lecto
402 2410 477 2453 curn
501 2389 591 2451 illum
615 2408 681 2451 non
704 2389 849 2470 indigere
872 2387 947 2452 lima
969 2389 1173 2466 affirmasset,
1203 2390 1368 2453 calculum
1391 2390 1420 2452 ei
1443 2390 1555 2452 album
1578 2390 1707 2452 addidit
1719 2391 1744 2463 ¹)

292 2496 465 2572 hortando,
489 2514 531 2556 ne
552 2494 642 2573 apud
667 2513 719 2555 me
743 2493 865 2555 diutius
888 2493 1073 2556 retineatur.
1113 2494 1285 2557 Postremo
1308 2514 1387 2556 vero
1410 2494 1607 2557 clarissimus
1629 2496 1746 2557 aetatis

253 2612 426 2664 mnostrae
455 2603 554 2679 poeta
588 2606 620 2659 et
643 2598 723 2660 citra
747 2616 880 2659 omnem
911 2596 1134 2660 adulationem
1166 2599 1264 2661 etiam
1293 2599 1435 2679 antiquis
1458 2598 1587 2661 vatibus
1609 2618 1746 2679 compa·

294 2705 424 2780 randus,
455 2701 580 2783 Caspar
610 2701 749 2764 Ursinus
781 2701 904 2779 Velius,
934 2703 980 2765 tui
1012 2702 1115 2764 dubio
1146 2702 1262 2781 procul
1286 2703 1536 2778 amantissimus,
1568 2703 1690 2784 scripta
1713 2712 1747 2765 et

293 2812 392 2872 missa
421 2807 464 2869 ad
488 2827 540 2869 me
564 2805 732 2887 paraclesi,
762 2826 862 2887 quam
885 2807 917 2868 in
940 2804 1047 2869 fronte
1079 2806 1176 2868 libelli
1200 2806 1297 2869 huius
1321 2807 1508 2869 adscribere
1532 2804 1601 2883 leci,
1624 2809 1667 2869 ita
1692 2804 1747 2869 ine

293 2934 331 2975 ea
361 2913 569 2974 vehementer
600 2911 701 2972 movit
725 2919 756 2972 et
779 2910 821 2972 ad
845 2911 1061 2973 emittendum
1091 2910 1236 2973 libellum
1268 2911 1356 2973 hunc
1387 2911 1523 2991 impulit,
1555 2920 1591 2974 ut
1613 2912 1747 2974 monitis

294 3017 377 3079 illius
399 3024 433 3077 et
455 3023 715 3076 memoratorum
738 3013 882 3076 virorum
906 3012 1060 3095 refragari
1083 3013 1179 3094 plane
1203 3014 1293 3077 nefas
1317 3015 1476 3078 duxerim.
1516 3014 1642 3079 Nolens
1665 3035 1747 3096 ergo

254 3121 415 3184 esdiutius
437 3118 528 3181 illum
550 3116 640 3197 apud
664 3136 717 3178 me
739 3127 852 3179 tenere
874 3118 933 3179 sed
956 3117 1123 3194 voluntati,
1146 3118 1288 3181 consiliis
1311 3128 1343 3180 et
1366 3118 1607 3182 hortationibus
1629 3139 1748 3182 eorum

294 3243 420 3287 morem
443 3242 557 3306 gerere
580 3220 817 3302 publicandum
839 3221 974 3284 tandem
998 3231 1031 3284 et
1052 3223 1175 3285 nomini
1198 3233 1257 3286 tuo
1281 3222 1502 3286 dedicandum
1517 3224 1657 3301 decrevi,
1680 3243 1748 3286 non

295 3349 358 3392 una
389 3327 544 3389 inductus
574 3325 705 3388 adhoc
737 3324 923 3388 faciendum
954 3345 1062 3408 neque
1092 3325 1155 3388 levi
1177 3338 1234 3389 aut
1258 3326 1337 3390 futili
1364 3327 1423 3390 sed
1447 3325 1559 3389 multis
1581 3328 1749 3408 certisque

295 3433 476 3496 rationibus
509 3431 543 3492 ln
567 3429 679 3510 primis
702 3439 813 3491 autem
836 3429 927 3510 quod
952 3433 1118 3512 antiquam
1143 3434 1270 3513 generis
1294 3431 1473 3494 claritatem
1490 3450 1529 3492 ac
1545 3429 1749 3510 pontificiam

294 3538 484 3619 dignitatem
514 3533 693 3612 multiplici,
723 3533 811 3594 varia
837 3553 876 3595 ac
908 3535 1076 3597 recondita
1106 3534 1265 3612 doctrina,
1294 3535 1512 3598 eruditionem
1546 3554 1625 3597 vero
1659 3535 1746 3596 miro

255 3643 379 3703 arvitae
402 3650 433 3702 et
458 3657 589 3700 morum
612 3636 757 3699 candore
773 3635 946 3717 decorasti,
969 3639 1058 3701 unde
1074 3638 1166 3701 facile
1182 3640 1338 3721 cognosci
1361 3638 1458 3702 datur
1481 3637 1557 3718 plus
1579 3649 1613 3702 te
1635 3638 1750 3719 splen·

294 3745 377 3808 dore
399 3745 554 3806 virtutum
578 3752 709 3804 tuarum
733 3739 880 3824 dignitati
897 3743 1083 3822 pontificiae
1106 3745 1288 3806 ornamenti
1310 3742 1455 3806 attulisse
1479 3742 1633 3825 illamque
1656 3742 1749 3805 illus·

294 3859 407 3925 trasse,
440 3867 539 3928 quam
571 3846 614 3907 ab
645 3845 697 3907 illa
726 3847 902 3926 acceperis.
940 3844 1023 3924 Quis
1056 3857 1105 3909 est
1138 3849 1225 3909 enim
1256 3848 1341 3910 adeo
1364 3847 1466 3909 hebes
1489 3856 1545 3909 aut
1568 3847 1613 3909 ita
1635 3847 1749 3910 obtusi

296 3953 421 4035 ingenii,
445 3961 480 4013 ut
498 3950 619 4012 nesciat
637 3950 738 4012 cuivis
755 3950 908 4029 pontifici,
932 3952 1095 4030 corruptis
1111 3962 1142 4014 et
1159 3952 1295 4031 perditis
1311 3951 1459 4014 moribus
1482 3950 1620 4027 imbuto,
1643 3950 1750 4032 digni-

296 4066 398 4120 tatem
430 4054 629 4135 pontificiam
659 4052 736 4116 nihil
766 4053 846 4117 lucis
869 4075 930 4117 nec
953 4057 1135 4118 ornamenti
1166 4056 1283 4118 afferre
1305 4064 1361 4117 aut
1384 4054 1508 4117 addere
1539 4071 1655 4133 posse:
1686 4054 1750 4117 sed

258 4160 438 4241 ssadeptae
461 4159 614 4222 tenebras
637 4168 670 4220 et
693 4160 929 4221 obscuritatem
952 4160 1108 4222 inducere
1124 4169 1155 4222 et
1172 4160 1307 4222 maculis
1329 4178 1403 4221 eam
1426 4159 1580 4221 vitiorum
1604 4156 1750 4221 foedare.

297 4263 389 4329 Sicut
406 4266 491 4328 enim
508 4264 557 4327 sol
574 4263 758 4345 caliginosis
780 4263 924 4325 nubibus
947 4263 1072 4327 offusus
1095 4274 1127 4326 et
1144 4264 1277 4327 lucerna
1293 4263 1356 4325 sub
1372 4263 1484 4325 modio
1508 4263 1616 4343 posita
1639 4261 1750 4324 lucem

168 4444 172 4452 Ι
267 4428 269 4432 ⁴
297 4371 394 4434 nobis
417 4368 616 4444 subducunt,
640 4369 682 4430 ita
706 4366 865 4448 flagitiosi,
898 4367 1048 4430 scelerati
1071 4378 1103 4430 et
1127 4369 1266 4448 imperiti
1289 4367 1438 4447 episcopi
1460 4367 1524 4429 vita
1548 4367 1636 4429 nube
1659 4367 1752 4429 vitio·

299 4495 372 4538 rum
402 4483 434 4536 et
461 4472 605 4536 tenebris
635 4472 834 4555 ignorantiae
864 4472 1020 4548 obducta,
1057 4472 1166 4535 lucere
1197 4473 1384 4536 hominibus
1415 4490 1494 4534 sana
1529 4470 1678 4534 doctrina
1717 4482 1750 4534 et

299 4579 470 4642 sanctitate
493 4596 623 4639 morum
645 4575 736 4638 nullo
767 4585 865 4656 pacto
896 4586 1019 4656 potest;
1048 4596 1155 4657 neque
1184 4577 1284 4639 talem
1314 4575 1400 4639 ultra
1429 4576 1623 4656 episcopum
1653 4593 1753 4657 agere

260 4682 496 4746 werediderim
527 4701 625 4762 quam
656 4680 751 4744 titulo
782 4691 885 4744 tenus.
918 4680 1091 4743 Praeterea
1121 4682 1212 4760 quod
1244 4680 1425 4744 Wladislao
1456 4680 1635 4761 quondam,
1665 4698 1753 4743 nunc

301 4787 472 4850 Ludovico
503 4785 567 4848 filio
598 4806 670 4861 suo,
700 4786 913 4849 serenissimis
947 4784 1136 4867 Hungariae
1171 4794 1203 4847 et
1234 4784 1411 4847 Bohemiae
1442 4784 1584 4867 regibus,
1618 4803 1753 4864 semper

301 4891 511 4954 charissimus
535 4890 621 4953 luisti
646 4901 678 4952 et
701 4911 745 4960 es,
770 4910 836 4953 non
859 4890 966 4953 solum
990 4900 1127 4969 propter
1150 4901 1347 4951 memoratas
1370 4891 1509 4951 virtutes
1533 4887 1591 4950 sed
1614 4897 1648 4950 et
1663 4888 1752 4950 miri-

302 4996 397 5058 ficam
428 4997 458 5057 in
482 4997 583 5058 rebus
612 4995 746 5077 agendis
770 4995 986 5075 prudentiam,
1017 4993 1209 5056 industriam
1238 5003 1270 5055 et
1301 4992 1542 5071 dexteritatem,
1570 5012 1655 5074 quae
1684 5011 1755 5055 non

302 5100 403 5162 semel
427 5101 485 5162 sed
509 5119 748 5179 saepenumero
773 5101 882 5162 multis
905 5108 938 5160 et
961 5099 1072 5161 arduis
1096 5098 1313 5180 legationibus
1337 5097 1468 5160 iunctus
1491 5117 1578 5160 nunc
1601 5098 1633 5160 in
1650 5115 1754 5179 regno

392 5323 411 5390 ¹)
431 5322 558 5374 Tisteno:
581 5322 681 5375 addidi.
