3674 5858
556 389 663 444 Vlcltv
680 388 799 459 Plaeclry
817 389 900 443 Petra
918 388 1084 444 Piseclrsmu
1104 388 1179 443 1510.
1576 388 1611 443 db

193 599 397 681 Diogenianam
429 599 594 679 praeferas
627 600 780 681 tegulam,
814 614 869 662 aut
905 600 1124 662 Zenonianam
1158 599 1331 662 coenulam
1365 600 1472 676 esites,
1507 599 1608 662 risum

188 704 309 766 omnibus
339 723 483 780 moveas,
516 713 549 766 et
579 704 712 766 tandem
743 705 1012 786 peregrinationis
1042 704 1126 766 illius
1153 703 1203 766 vel
1227 704 1413 766 studiorum
1435 712 1470 766 te
1496 705 1608 784 poeni-

186 809 260 869 tentia
280 808 406 870 subeat.
430 806 519 871 Dicis
542 809 628 870 enim
652 818 685 870 te
708 807 919 871 humaniores
942 807 1049 870 solum
1072 808 1235 870 adfectare
1259 807 1376 886 literas,
1409 808 1528 890 quibus
1551 827 1608 889 qui

183 910 296 987 student,
329 931 446 974 omnes
476 912 581 974 ubivis
611 914 758 995 gentium
788 923 864 974 sunt
897 913 1104 992 pauperrimi.
1151 911 1221 976 Nec
1254 913 1340 975 enim
1375 922 1467 975 aetas
1496 921 1609 975 nostra

157 1015 326 1102 'Augustos
349 1014 448 1079 habet
470 1035 531 1079 nec
555 1016 773 1079 Maecenates.
798 1015 852 1093 At,
875 1017 1008 1097 inquies,
1036 1014 1124 1078 aliud
1148 1015 1224 1078 mihi
1248 1016 1399 1093 consulis,
1422 1015 1511 1078 aliud
1535 1017 1606 1095 ipse
1631 1028 1646 1071 ὅ

182 1118 266 1182 iecisti.
288 1120 419 1197 Fateor,
441 1120 512 1198 leci,
542 1122 617 1202 quia
640 1120 865 1184 consultorem
892 1141 1006 1183 verum
1030 1121 1193 1183 neminem
1217 1121 1325 1198 habui,
1353 1120 1496 1200 quiade
1519 1119 1609 1182 ltalia

182 1225 253 1306 longe
274 1226 407 1302 maiora,
431 1224 527 1308 longe
550 1225 694 1302 meliora,
718 1246 817 1307 quam
841 1226 971 1301 offendi,
999 1227 1146 1306 concepi.
1184 1223 1330 1305 Quanvis
1353 1224 1415 1287 alia
1438 1225 1526 1300 mihi,
1548 1223 1609 1286 alia

181 1330 223 1390 tibi
240 1328 391 1405 conditio,
421 1328 511 1391 aliud
534 1349 604 1412 ego,
636 1330 724 1392 aliud
756 1341 791 1392 tu
814 1331 948 1411 cogitas.
994 1329 1131 1397 Verum.
1164 1330 1191 1391 si
1220 1328 1336 1408 placet,
1367 1329 1508 1410 vestigiis
1540 1327 1609 1403 illis,

181 1432 275 1512 quibus
298 1452 369 1514 ego,
392 1442 428 1495 tu
452 1452 586 1515 quoque
609 1433 732 1510 insiste,
755 1442 787 1496 et
809 1441 888 1495 tunc
912 1441 944 1494 te
968 1433 1129 1513 propositi
1152 1433 1199 1495 tui
1222 1452 1288 1495 non
1303 1433 1493 1512 poenitebit,
1515 1432 1609 1495 sicuti

180 1555 260 1616 neque
276 1555 328 1598 me
344 1537 527 1617 poenitebit
545 1557 691 1619 unquam
715 1536 839 1600 Italiam
855 1537 982 1599 vidisse.
1007 1536 1113 1598 Paene
1129 1537 1215 1598 enim
1230 1536 1310 1599 illud
1327 1537 1390 1599 iam
1407 1546 1606 1600 consecutus
1625 1547 1649 1589 ¹0

181 1659 240 1717 sum,
267 1641 360 1703 cuius
391 1642 494 1723 gratia
517 1650 641 1704 tantam
672 1642 758 1705 subii
788 1642 1092 1724 peregrinationem¹
1141 1637 1279 1703 Caetera
1306 1650 1492 1721 supersunt,
1523 1659 1608 1722 quae

181 1743 264 1806 dicere
286 1744 463 1824 prohibent
487 1745 616 1808 Parcae.
641 1745 759 1827 Neque
782 1744 877 1808 velim
901 1745 965 1808 hoc
990 1764 1043 1807 me
1066 1755 1162 1825 putes
1178 1746 1331 1822 scribere,
1356 1763 1424 1825 quo
1447 1745 1505 1808 tibi
1529 1764 1607 1825 pro·

184 1846 278 1911 lectum
301 1857 397 1911 tuum
420 1850 590 1925 invideam,
618 1869 717 1931 quem
740 1850 902 1930 proficere
933 1860 965 1912 et
995 1859 1071 1911 ante
1094 1850 1261 1929 optabam,
1291 1857 1325 1910 et
1354 1867 1441 1911 nunc
1464 1848 1607 1911 maxime

181 1953 265 2031 cupio,
286 1963 343 2015 aut
367 1973 434 2034 quo
458 1955 489 2016 in
514 1952 639 2016 Italiam
662 1954 786 2017 aditum
809 1954 867 2017 tibi
890 1953 1110 2033 praecludam,
1133 1973 1232 2034 quem
1255 1953 1441 2016 studiorum
1457 1972 1606 2016 meorum

180 2057 281 2119 socium
315 2057 438 2119 habere
468 2059 679 2121 vehementer
711 2057 880 2136 desidero;
915 2058 974 2120 sed
1008 2078 1076 2138 quo
1107 2068 1139 2119 te
1169 2056 1472 2133 commonefaciam,
1506 2064 1551 2132 ut,
1582 2058 1606 2118 si
1622 2069 1647 2110 1⁵

180 2161 288 2240 quando
312 2162 344 2224 in
367 2160 430 2224 alia
453 2182 496 2238 re,
519 2163 551 2225 iu
574 2164 636 2225 hac
660 2164 717 2225 tibi
742 2162 914 2226 consulere
937 2181 1005 2224 non
1028 2161 1181 2244 negligas,
1208 2161 1288 2242 quin
1311 2162 1421 2241 potius
1444 2162 1607 2237 discutias,

178 2272 202 2325 ut
219 2266 410 2343 prudentem
434 2265 538 2342 decet,
571 2278 603 2328 et
627 2276 818 2348 quaesunt,
842 2277 874 2329 et
898 2286 983 2348 quae
1005 2285 1086 2328 mox
1109 2275 1245 2329 ventura
1268 2273 1462 2346 sequuntur.
1509 2264 1606 2327 Vires

177 2375 230 2430 tuas
249 2371 399 2432 metiaris.
428 2369 564 2434 Amicos
588 2370 773 2452 quospiam,
803 2371 830 2432 si
853 2391 919 2433 non
943 2370 1033 2447 tales,
1065 2369 1179 2450 quales
1209 2369 1259 2432 vel
1293 2368 1502 2450 Pythagorici
1524 2369 1605 2431 defi·

177 2472 254 2549 niunt,
274 2473 324 2536 vel
349 2473 492 2553 Scythae
515 2473 558 2536 illi
582 2476 811 2549 observabant,
834 2484 868 2537 at
884 2475 1031 2556 plebeios
1048 2475 1129 2537 istos
1145 2483 1178 2536 et
1193 2482 1356 2536 nostrates
1371 2473 1429 2536 tibi
1445 2471 1606 2535 concilies.

177 2571 286 2655 Deinde,
309 2580 366 2640 ubi
389 2577 568 2642 commode
591 2577 727 2654 licuerit,
750 2578 933 2641 Bononiam
956 2588 988 2640 te
1013 2579 1159 2658 recipias.
1184 2578 1314 2640 lnterim
1337 2588 1449 2640 tamen
1471 2584 1505 2639 et
1528 2588 1647 2639 con-w

177 2680 293 2743 sulerem
317 2692 350 2745 et
373 2681 532 2757 hortarer,
555 2685 715 2762 tantisper
732 2682 959 2764 philosophiae
975 2684 1156 2758 incumbas,
1180 2684 1259 2745 dum
1275 2682 1414 2764 gradum
1431 2681 1606 2763 magisterii

176 2784 352 2868 adsequeris.
376 2785 454 2865 Quo
477 2797 612 2867 recepto
636 2788 668 2848 in
694 2786 819 2850 Italiam
843 2797 874 2849 et
898 2788 1000 2849 tutius
1023 2796 1055 2848 et
1079 2787 1250 2849 honestius
1266 2786 1485 2865 proficiscare.
1510 2782 1607 2847 Esset

176 2887 217 2949 tibi
241 2909 300 2952 ceu
332 2891 492 2967 stimulus,
527 2900 564 2953 ut
586 2891 815 2954 ardentissime
846 2892 987 2968 studeas,
1018 2901 1104 2954 esset
1136 2910 1196 2952 ceu
1228 2890 1354 2972 pignus,
1388 2909 1455 2971 quo
1483 2889 1607 2971 patriae

177 2993 291 3068 posthac
314 2995 477 3074 prodesse
499 2995 587 3073 velis,
611 2996 662 3057 cui
684 3005 793 3058 totum
816 2995 905 3071 illud,
934 2995 1091 3077 quicquid
1119 3006 1175 3058 aut
1198 2995 1283 3056 vitae
1305 3003 1362 3057 aut
1385 2992 1551 3056 literarum
1573 2994 1605 3056 in

176 3105 199 3155 te
215 3099 276 3174 erit,
297 3099 382 3161 iuste
405 3099 516 3176 debes,
547 3100 599 3161 cui
623 3119 815 3162 succurrere
843 3099 978 3161 nimium
1002 3098 1153 3177 prolecto
1177 3099 1297 3161 labanti
1329 3109 1364 3160 tu
1388 3116 1522 3178 quoque
1544 3110 1646 3176 prob

176 3205 216 3261 tua
233 3202 381 3281 portione
404 3204 541 3284 cogeris.
588 3202 636 3265 lta
659 3201 756 3282 plane
779 3212 837 3279 est,
868 3202 961 3264 Petre
986 3203 1186 3280 charissime,
1216 3222 1282 3265 non
1305 3221 1443 3281 possum
1465 3200 1517 3263 vel
1539 3220 1606 3263 non

177 3300 266 3367 dolere
289 3306 388 3368 studii
405 3305 489 3369 illius
506 3307 632 3369 ruinam
648 3305 698 3368 vel
714 3327 781 3369 non
799 3305 1043 3387 reprehendere
1059 3307 1281 3388 quorumdam
1298 3304 1605 3385 perniciosissimam

177 3425 235 3470 sane
262 3411 431 3492 ignaviam,
464 3411 519 3492 qui
549 3410 618 3473 aliis
641 3410 801 3491 prodesse
828 3431 889 3474 nec
920 3412 1034 3474 volunt
1064 3430 1124 3474 nec
1155 3420 1303 3491 possunt,
1333 3409 1444 3491 quiid
1469 3428 1605 3490 operam

177 3509 242 3590 dant,
269 3524 305 3577 ut
335 3515 511 3578 ventricosi
543 3516 646 3598 magis
681 3517 744 3579 sint
775 3536 874 3597 quam
906 3515 1062 3593 studiosi;
1097 3516 1153 3598 qui
1183 3514 1354 3594 symposio
1387 3513 1511 3576 inhiant
1539 3533 1606 3576 non

177 3611 319 3683 Platonico
343 3620 403 3682 sed
426 3619 622 3698 Sybaritico,
651 3622 707 3701 qui
731 3620 805 3700 plus
827 3621 890 3682 vini
914 3628 1113 3682 consumunt
1137 3638 1236 3700 quam
1260 3618 1332 3695 olei,
1355 3619 1410 3700 qui
1433 3618 1475 3681 ad
1499 3617 1646 3680 libros³⁰

177 3720 350 3786 evolvendos
367 3725 536 3786 meridiem
553 3726 748 3802 coecutiunt,
772 3726 813 3787 ad
831 3724 1010 3788 laecundos
1034 3725 1151 3787 calices
1167 3723 1412 3786 exhauriendos
1434 3721 1484 3785 vel
1507 3730 1606 3785 nocte

180 3821 295 3904 vigilant,
319 3827 404 3890 male
427 3828 469 3890 de
492 3848 536 3904 se,
567 3828 660 3908 peius
683 3827 726 3890 de
749 3826 917 3908 discipulis
940 3828 1015 3905 suis,
1045 3828 1186 3908 pessime
1217 3828 1258 3891 de
1281 3829 1385 3910 patria
1409 3847 1469 3890 sua
1491 3826 1605 3892 meriti.

178 3923 251 4004 Quos
272 3941 309 3994 tu
331 3951 543 4013 nequaquam
566 3932 701 4008 imitare,
724 3932 783 3995 sed
807 3941 931 4012 quanto
956 3931 1030 4012 plus
1050 3932 1092 3994 illi
1117 3932 1266 4009 biberint,
1287 3942 1380 3995 tanto
1403 3931 1477 4012 plus
1500 3931 1606 4002 stude,

177 4039 276 4097 ettam
306 4057 326 4097 a
357 4037 433 4099 cibo
462 4056 561 4118 quam
592 4047 717 4117 apotu
740 4037 798 4098 tibi
820 4046 977 4116 tempera,
1009 4055 1075 4116 quo
1100 4034 1318 4099 valetudinem
1348 4055 1545 4099 conservare
1567 4055 1606 4097 ac

176 4139 259 4202 studia
288 4160 356 4204 non
382 4141 546 4222 negligere
577 4140 695 4203 valeas.
741 4139 838 4204 Certe
868 4160 930 4223 ego
961 4142 992 4202 in
1016 4140 1104 4202 ltalia
1135 4151 1167 4203 et
1198 4161 1296 4204 sanus
1319 4161 1392 4203 sum
1416 4150 1448 4202 et
1471 4139 1643 4214 studeo&

176 4242 317 4316 quianon
340 4264 394 4306 me
417 4244 499 4307 cibis
521 4244 694 4327 ingurgito.
730 4243 888 4324 Quamvis
912 4243 1141 4325 philosophico
1165 4245 1324 4327 depingor
1347 4245 1468 4322 colore,
1494 4253 1606 4306 tamen

174 4345 256 4410 natae
277 4347 455 4410 valetudini
477 4348 509 4411 in
532 4368 585 4410 me
608 4368 726 4429 parum
749 4348 932 4411 admodum
956 4349 1039 4411 licet.
1062 4346 1307 4429 Supellectilem
1330 4350 1538 4413 chartaceam
1562 4349 1605 4410 ita

174 4463 294 4524 procura
317 4460 354 4514 ut
376 4470 494 4514 meam.
534 4452 696 4515 Plotinum
720 4453 859 4516 custodi.
897 4451 1064 4515 Ciceronis
1088 4449 1146 4537 (et)
1172 4452 1295 4534 reliqua
1319 4473 1429 4534 opera,
1452 4454 1479 4517 si
1502 4459 1606 4533 potes,

172 4549 299 4632 divende,
322 4553 546 4632 Aristotelem,
569 4554 733 4630 Ovidium,
760 4555 801 4619 A.
825 4556 976 4634 Gellium,
997 4577 1096 4639 quem
1119 4578 1138 4619 a
1162 4557 1255 4621 Livio
1278 4577 1431 4637 separare
1455 4576 1607 4638 procura,

171 4651 279 4722 Livium
301 4659 379 4722 item
405 4680 480 4723 cum
504 4658 670 4737 Sallusti0,
693 4660 883 4724 Terentium
907 4672 939 4724 et
962 4661 1044 4725 alios
1066 4663 1233 4744 gregarios
1252 4673 1414 4725 auctores.
1439 4659 1604 4742 Quicquid
1618 4671 1646 4713 40

169 4778 230 4827 vero
262 4784 325 4844 pro
356 4764 581 4847 introligandis
615 4766 705 4828 hisce
736 4765 870 4829 duobus
901 4766 1121 4829 voluminibus
1151 4768 1360 4847 impenderis,
1390 4784 1433 4828 ex
1465 4765 1603 4845 pecunia

168 4882 225 4930 mea
245 4869 303 4930 tibi
329 4870 474 4944 restitue,
505 4878 538 4931 et
569 4879 636 4931 tam
667 4870 709 4932 de
733 4870 788 4931 illo
812 4890 911 4950 quam
943 4870 984 4932 de
1010 4880 1081 4933 tota
1105 4871 1292 4934 venditione
1322 4892 1375 4934 me
1398 4871 1522 4950 scripto
1545 4879 1604 4931 tuo

167 4974 325 5035 certiorem
358 4971 469 5035 redde.
517 4973 622 5035 lmmo
654 4974 795 5036 indicem
828 4975 918 5036 mitte
947 4974 1115 5051 librorum,
1147 4996 1232 5057 quos
1259 4976 1309 5037 vel
1333 4974 1527 5051 divenderiS,
1554 4972 1605 5036 vel

166 5071 311 5158 Gregorio
336 5076 458 5155 Hruby
481 5087 598 5140 mutuo
622 5077 760 5155 dederiS,
783 5077 832 5140 vel
850 5080 940 5158 apud
957 5089 989 5141 tc
1007 5080 1185 5142 retinueris.
1210 5079 1302 5142 Vale.
1326 5079 1494 5141 Bononiae
1509 5077 1604 5142 Sem-

165 5182 284 5243 tembris
308 5181 419 5243 XXVI
443 5201 529 5244 anno
553 5179 674 5245 Christi
698 5182 807 5244 MDX.
1618 5193 1645 5235 ⁴⁵

205 5411 304 5454 Sbtrlrn
327 5411 490 5461 pramenllv.
513 5413 696 5461 Slrupinadruhl.
720 5405 811 5452 Clslotl.
1448 5386 1465 5437 5
