3674 5858
207 399 225 451 0
650 393 695 450 vt.
714 390 808 448 Racek
829 391 912 447 Petro
930 388 1115 448 Tomickemu
1135 385 1211 442 1499.

207 630 280 678 sum
297 610 447 673 oratione
470 608 600 671 reterre.
622 604 830 690 Vulgabatur
845 605 931 667 enim
947 598 1072 665 crebris
1091 602 1300 665 sermonibus
1324 601 1433 685 viginti
1450 598 1659 666 Venetorum

206 712 341 777 castella
364 713 512 775 insuam
538 719 737 792 potestatem
760 710 934 796 redegisse,
964 705 1268 786 depopulationem,
1297 707 1483 770 vastitatem
1505 709 1663 771 omnibus

205 818 301 881 tectis
323 826 423 898 atque
437 816 523 899 agris
539 816 692 893 intulisse,
714 829 861 881 armatos
884 820 1041 888 detractis
1062 815 1162 878 armis
1180 810 1375 876 trucidasse·
1399 811 1545 875 lssermes
1568 831 1661 876 com·

206 921 366 1006 prehendi
387 920 566 1001 vincirique
588 920 712 984 catenis
731 930 831 1004 atque
854 924 886 987 in
908 945 1003 990 suam
1025 938 1147 992 terram
1167 921 1290 987 abduci
1313 925 1346 981 et
1369 936 1428 979 eos
1449 913 1557 995 pretio
1579 915 1661 977 sub·

206 1028 256 1090 iici
287 1026 386 1089 iussit.
421 1024 475 1088 Ex
499 1045 566 1107 quo
589 1025 775 1108 intelligitur
805 1048 864 1091 eos
891 1031 1108 1095 miserrimam
1131 1028 1251 1093 servire
1279 1024 1471 1088 servitutem
1494 1028 1660 1099 oportere

207 1131 282 1195 Non
306 1131 450 1208 deerant,
473 1130 528 1212 qui
550 1150 626 1193 eum
641 1131 740 1193 trium
763 1131 888 1196 milium
907 1138 1014 1217 spatio
1037 1133 1155 1217 procul
1171 1153 1190 1196 a
1205 1129 1356 1196 Tervisio
1379 1133 1486 1190 castra
1508 1124 1660 1205 posuisse

205 1234 368 1316 dicerent;
399 1234 487 1298 nulla
510 1234 588 1296 mihi
619 1235 757 1299 inlicitur
787 1235 959 1318 dubitatio,
988 1242 1048 1304 nisi
1075 1240 1206 1303 obviam
1237 1234 1297 1299 sibi
1319 1234 1401 1296 itum
1429 1229 1552 1306 luisset,
1581 1228 1660 1310 quin

206 1341 389 1402 universam
414 1338 540 1401 ltaliam
564 1338 651 1402 bello
674 1340 837 1404 devictam
865 1363 945 1408 suae
967 1343 1104 1409 dicionis
1127 1342 1265 1416 lecisset,
1294 1338 1408 1407 omnia
1430 1353 1518 1399 nunc
1539 1332 1660 1397 crude·

207 1444 303 1507 litatis
319 1443 473 1524 exempla
495 1444 526 1505 in
542 1462 604 1506 nos
626 1441 834 1523 prodidisset.
857 1446 945 1513 Tum
961 1450 1038 1513 mihi
1061 1447 1234 1512 consilium
1250 1443 1308 1507 luit
1324 1444 1356 1506 in
1379 1440 1517 1521 patriam
1533 1442 1661 1519 reverti,

169 1574 194 1616 ro
208 1548 299 1629 quod
330 1548 456 1612 exitum
487 1547 664 1625 habuisset,
694 1549 726 1612 ni
755 1551 957 1632 accepissem
987 1573 1031 1616 ex
1061 1553 1121 1630 his,
1149 1551 1206 1632 qui
1229 1547 1413 1613 Bononiam
1443 1565 1480 1609 se
1509 1566 1554 1608 ex
1584 1545 1661 1628 tuga

207 1652 422 1728 contulerant,
456 1652 566 1715 omnia
595 1652 718 1732 itinera,
751 1673 794 1718 ne
823 1657 896 1737 quis
926 1654 1020 1721 locus
1050 1656 1145 1740 fugae
1176 1663 1312 1736 pateret,
1347 1652 1660 1715 Mahumetanorum

207 1756 390 1837 equitatum
414 1767 533 1823 tenere.
567 1755 645 1820 Non
668 1755 773 1820 multo
795 1770 873 1839 post
895 1759 977 1823 alius
1007 1760 1086 1823 mihi
1109 1760 1250 1834 nuntius,
1280 1767 1314 1821 et
1336 1758 1363 1820 is
1386 1755 1521 1837 quidem
1544 1754 1659 1817 iucun-

207 1860 370 1936 dissimus,
399 1859 518 1923 allatus
540 1870 604 1923 est:
635 1862 812 1925 contractis
839 1865 993 1927 omuibus
1023 1865 1128 1944 copiis
1149 1865 1259 1945 ipsum
1289 1883 1333 1926 ex
1357 1860 1448 1925 Italia
1471 1859 1662 1936 decessisse,

207 1983 248 2026 ne
271 1964 297 2026 si
321 1964 429 2027 minus
452 1984 611 2045 prospere
641 1964 703 2028 sibi
726 1966 877 2045 eveniret,
906 1987 926 2030 a
947 1977 1043 2050 tergo
1074 1966 1264 2030 fluminibus
1293 1963 1574 2039 intercluderetur,
1603 1973 1664 2026 aut

173 2095 195 2135 ‚5
208 2067 316 2130 nullus
339 2067 431 2130 locus
455 2077 546 2130 tutus
568 2068 747 2149 recipiendi
769 2079 866 2133 esset.
890 2068 988 2135 Adeo
1010 2072 1096 2134 enim
1121 2069 1256 2134 flumina
1278 2070 1425 2133 maximo
1447 2068 1544 2131 imbri
1566 2068 1660 2130 inun-

208 2171 286 2233 dare
317 2180 504 2253 coeperant,
533 2180 570 2235 ut
600 2172 686 2236 vado
716 2173 771 2236 vix
801 2175 989 2255 pertransiri
1020 2186 1166 2256 possent,
1206 2175 1240 2239 id
1271 2174 1362 2257 quod
1392 2170 1513 2237 Christi
1543 2173 1660 2253 optimi

208 2275 342 2339 maximi
373 2276 533 2339 beneficio
563 2276 687 2340 lactum
716 2296 789 2339 esse
818 2279 981 2353 existimo,
1012 2299 1053 2342 ne
1079 2279 1138 2355 his,
1168 2278 1223 2358 qui
1253 2278 1296 2339 ad
1319 2275 1439 2340 Christi
1469 2273 1659 2356 religionem

207 2380 410 2455 incumbunt,
433 2382 497 2443 vlta
519 2380 606 2444 terro
627 2382 819 2464 eriperetur.
843 2382 967 2462 Vale.¹)

902 2747 960 2811 VI.

621 2886 766 2962 Racek
792 2887 922 2961 Petru
950 2883 1241 2961 Tomickemu.

295 3072 469 3128 VBonorrll
488 3074 591 3143 (1499
611 3103 644 3116 -
663 3088 700 3130 ηε
719 3075 819 3135 zlmu).
849 3071 951 3142 Lituje,
975 3072 1007 3128 Ξο
1026 3075 1139 3129 nemohl
1163 3090 1193 3127 se
1218 3075 1308 3129 sulm
1336 3075 1403 3142 pled
1418 3073 1486 3143 jeho
1502 3074 1660 3128 odchodem

207 3178 223 3215 z
243 3160 369 3213 liononie
388 3159 469 3228 rejlti,
487 3178 504 3214 a
522 3159 627 3229 steiuje
647 3161 679 3227 si,
698 3161 729 3216 le
744 3159 842 3231 jediny
866 3177 898 3214 ze
917 3160 1003 3215 vtech
1021 3164 1162 3216 soudruhd
1189 3162 1224 3214 od
1244 3162 1318 3215 nebo
1337 3161 1428 3216 listem
1447 3162 1531 3231 nebyl
1549 3165 1661 3231 pecten,

207 3249 265 3317 Jest
284 3249 333 3316 pry
352 3263 399 3299 mu
418 3248 485 3301 toho
504 3248 570 3315 pled
589 3249 730 3318 soudruhy
749 3247 850 3313 hanba,
867 3249 901 3302 ab
920 3246 994 3313 nevi,
1012 3248 1107 3303 literali
1124 3249 1162 3318 by
1174 3248 1242 3302 toho
1258 3247 1304 3317 hyl
1317 3249 1457 3313 zaslouiil,
1476 3248 1485 3302 i
1503 3249 1586 3318 prosi,
1606 3250 1663 3320 aby

209 3352 255 3391 rnu
274 3350 309 3388 co
328 3333 451 3402 nejdilre
469 3335 536 3403 psal.
555 3334 635 3402 (bist.
654 3335 711 3389 tist.
730 3336 779 3390 tls.
798 3335 883 3398 vm.)

294 3545 477 3609 Rodericus
493 3545 670 3609 Dubravus
686 3535 782 3609 Petro
798 3544 977 3622 Tomiczki‚
997 3547 1075 3610 iuris
1098 3546 1255 3627 pontificii
1278 3545 1446 3629 doctori,¹)
1463 3567 1487 3609 s.
1503 3546 1534 3610 d.
1557 3540 1661 3627 Quod

168 3650 285 3732 mmihi
315 3650 404 3712 nulla
425 3651 471 3713 tui
502 3651 724 3728 conveniendi,
754 3659 930 3732 antequam
954 3671 998 3713 ex
1022 3650 1169 3713 Bononia
1200 3651 1398 3727 discederes,
1429 3649 1514 3714 iacta
1536 3652 1577 3713 sit
1601 3671 1659 3731 po

207 3764 318 3830 testas,
347 3755 395 3816 vir
423 3754 665 3831 humanissime,
695 3755 841 3818 maximo
871 3755 996 3817 afficior
1027 3753 1153 3817 dolore.
1196 3752 1257 3817 Est
1286 3753 1319 3819 id
1350 3750 1517 3836 Antonii⁸)
1548 3773 1663 3817 errore

208 3859 432 3934 commissum,
455 3858 565 3939 quite
588 3858 765 3939 quatriduo
788 3858 956 3921 Bononiae
980 3877 1171 3921 mansurum
1194 3856 1373 3921 affirmavit.
1408 3859 1474 3921 Res
1497 3857 1600 3936 aliter,
1622 3877 1664 3922 ac

208 3961 261 4024 ille
284 3962 422 4036 dixerat,
445 3963 567 4039 evenit3
596 3964 722 4043 quippe
744 3964 927 4044 insequenti
950 3963 1003 4029 die
1026 3962 1068 4027 ad
1091 3973 1124 4025 te
1147 3963 1207 4025 iter
1231 3963 1370 4043 suscepi,
1392 3964 1456 4025 iam
1477 3973 1514 4025 tu
1538 3961 1664 4026 disces·

209 4086 306 4130 seras
338 4065 564 4129 Vehementer
586 4086 660 4129 sum
683 4066 872 4143 admiratus,
896 4087 971 4130 curn
995 4067 1162 4129 literarum
1185 4077 1316 4129 tuarum
1339 4067 1462 4130 multos
1485 4067 1664 4148 participes

169 4169 331 4248 ffifeceris,
354 4170 460 4232 nullas
482 4170 523 4232 ad
548 4190 601 4233 me
624 4170 834 4249 perferendas
857 4171 1021 4234 curaveris
1038 4166 1121 4254 (sic).
1154 4170 1346 4234 Existimavi
1369 4178 1401 4231 te
1424 4188 1557 4233 omnem
1580 4171 1663 4234 ami·

209 4275 302 4337 citiae
332 4284 464 4337 nostrae
488 4275 681 4337 memoriam
711 4275 915 4356 deposuisse,
945 4276 978 4338 id
1002 4275 1094 4357 quod
1118 4276 1230 4356 iniquo
1259 4273 1319 4337 tuli
1350 4274 1468 4337 animo.
1513 4271 1579 4353 Qui
1602 4275 1665 4337 tibi

209 4386 285 4441 sunt
307 4377 525 4441 benivolentia
541 4379 714 4455 coniuncti,
737 4378 779 4440 ad
796 4398 912 4441 omnes
935 4399 988 4441 me
1007 4389 1149 4458 excepto
1174 4377 1284 4441 literas
1300 4376 1427 4442 dedisti.
1451 4376 1528 4441 Fuit
1547 4397 1586 4441 ea
1610 4399 1665 4441 res

209 4482 287 4544 mihi
309 4481 524 4557 admirationi,
556 4483 690 4564 quando
713 4484 745 4544 in
767 4492 801 4546 te
823 4503 955 4546 summo
986 4485 1046 4546 sim
1070 4503 1192 4546 amore.
1226 4481 1315 4562 Quin
1338 4502 1458 4565 magno
1490 4481 1665 4546 conlectus

209 4607 282 4648 sum
313 4586 450 4665 pudore,
481 4607 556 4649 cum
579 4586 612 4648 hi
635 4598 764 4667 praeter
795 4607 848 4649 me
871 4588 981 4650 literas
1011 4597 1085 4650 tuas
1115 4587 1269 4669 legerent.
1304 4585 1435 4648 Vellem
1464 4605 1665 4666 exponeres,

169 4690 289 4771 mquid
319 4690 516 4759 admiserim.
546 4699 583 4753 ut
610 4711 663 4753 me
693 4689 794 4755 literis
823 4693 889 4754 tuis
917 4692 1112 4771 privandum
1144 4691 1289 4753 duxeris.
1324 4688 1459 4770 Quanto
1489 4699 1522 4752 te
1548 4711 1665 4754 amore

208 4858 415 4877 »αι-Μ

297 4949 318 5014 ¹)
337 4948 422 5001 Podle
442 4948 598 5018 poznAmky
617 4948 743 5018 pledesle
762 4950 831 5019 pstn
851 4949 895 5002 list
914 4950 965 5002 ndi
986 4967 1021 5003 na
1039 4949 1114 5003 zimu
1132 4947 1249 5015 r.1499;
1268 4949 1310 5001 ale
1330 4947 1382 5001 lde
1401 4948 1511 5002 tenlrdt
1530 4948 1665 5018 plebyvel

208 5035 342 5097 adressat,
362 5035 480 5088 nevime.

297 5121 316 5185 ²)
335 5121 470 5190 Slovutny
489 5129 585 5189 potum
604 5122 708 5175 statutt
727 5123 823 5192 polslry
842 5140 857 5175 a
877 5123 975 5192 biskup
995 5123 1165 5193 Kratovsky.

297 5226 317 5293 ³)
335 5225 409 5278 Snad
430 5226 524 5279 minen
543 5226 681 5279 Antonius
701 5227 823 5282 Solerius
842 5228 990 5295 Carpensis
1017 5231 1052 5282 od
1072 5228 1161 5281 nehoi
1181 5245 1198 5279 v
1211 5218 1371 5295 pledmluvd
1390 5225 1550 5282 tRactove
1564 5227 1663 5284 vtaste

210 5311 328 5368 nachtzi
347 5329 377 5363 se
396 5311 451 5377 list,
470 5313 548 5382 ktery
567 5314 629 5365 take
649 5330 666 5364 v
685 5315 742 5366 teto
761 5313 851 5367 sblrce
871 5313 1036 5382 otiskujeme
1055 5315 1111 5383 pod
1129 5314 1177 5367 cis.
1198 5315 1297 5367 XXIX.
