3674 5858
585 435 705 507 Pisecky
722 436 872 492 Michalovi
893 454 925 491 ze
943 434 1040 490 Strale
1061 434 1136 490 1510.
1553 434 1587 490 51

171 653 209 732 qui
226 649 266 712 vel
289 651 450 713 barbarus
472 661 522 713 est
544 650 595 712 vel
618 649 757 727 trivialis,
781 651 920 712 multum
944 649 1093 731 proiecto
1117 651 1241 727 tribuis,
1265 670 1332 713 non
1354 649 1418 713 alio
1442 650 1510 713 ullo
1530 652 1589 713 nisi

170 755 316 817 inmodico
339 774 454 817 amore
476 755 540 817 mei
563 765 769 817 occoecatus.
809 753 937 815 Etenim
968 763 1058 815 tanta
1080 763 1116 816 tu
1130 753 1153 832 ¹)
1183 754 1336 816 aviditate
1367 754 1476 816 literas
1499 774 1589 817 meas

170 860 274 939 expetis,
297 867 334 921 ut
357 879 413 920 eas
435 868 563 921 tantum
587 877 652 920 non
675 858 849 921 thesauros
872 859 1032 931 aestimes,
1056 878 1141 939 quae
1164 858 1247 920 tales
1270 868 1354 936 sunt,
1377 870 1412 921 ut
1436 861 1492 920 vix
1515 879 1588 920 eru·

170 964 282 1024 dirorum
316 964 482 1041 patiantur
513 961 562 1026 vel
593 982 690 1024 aures
722 962 771 1023 vel
803 961 927 1038 oculos,
958 963 984 1023 si
1017 962 1121 1024 lllomi
1152 962 1236 1025 illius
1257 963 1384 1025 vultum
1407 963 1512 1025 induti
1535 984 1590 1025 eas

151 1078 361 1127 transcurrere
385 1066 507 1147 dignati
530 1065 655 1128 suerint.
679 1065 723 1127 Et
746 1085 862 1145 parum
879 1077 977 1146 putas
999 1076 1032 1127 te
1048 1067 1155 1128 solum
1171 1085 1243 1128 eam
1260 1077 1372 1129 tenere
1388 1068 1590 1143 sententiam,
1615 1091 1630 1131 s

169 1172 210 1231 nisi
227 1190 334 1233 omnes
356 1172 454 1231 etiam
479 1172 625 1232 omnium
650 1171 821 1232 hominum
845 1170 986 1245 ordines,
1009 1190 1095 1251 quos
1116 1171 1200 1233 lama
1224 1191 1297 1233 mea
1313 1173 1427 1253 attigit,
1450 1171 1588 1234 eandem

169 1274 255 1335 deme
276 1275 469 1354 concepisse
493 1275 679 1354 opinionem
703 1274 886 1350 adsevereS,
916 1274 1009 1355 quasi
1040 1274 1174 1337 literulis
1205 1276 1285 1337 meis
1315 1284 1445 1357 gratum
1468 1275 1589 1355 aliquid

169 1380 269 1457 patriae,
290 1378 341 1440 vel
365 1377 443 1440 utile
466 1377 611 1440 facturus
634 1378 704 1440 sim.
745 1378 811 1440 lllic
835 1399 906 1460 ego,
936 1378 1050 1454 fateor,
1080 1380 1112 1440 in
1135 1381 1230 1441 trivio
1253 1399 1335 1455 sum,
1366 1399 1469 1461 quum
1492 1381 1589 1441 animi

169 1481 297 1561 pendeam
314 1494 348 1544 et
364 1482 536 1544 hauddum
552 1483 786 1559 constituerim,
802 1492 909 1544 utram
926 1485 958 1544 in
975 1493 1102 1564 partem
1119 1483 1197 1545 illud
1215 1485 1422 1564 interpretari
1438 1484 1588 1547 debeam.

169 1586 287 1649 Profecto
304 1587 364 1649 nisi
381 1597 417 1649 tu
433 1587 559 1648 amicus
574 1607 615 1648 ne
631 1588 800 1648 minimum
817 1587 951 1668 quidem
967 1588 1140 1649 simulatus
1156 1588 1216 1649 ista
1232 1588 1429 1667 scripsisses,
1452 1589 1588 1649 ironiam
1604 1610 1629 1651 ro

168 1700 296 1769 putarem,
320 1710 420 1771 quam
444 1690 541 1751 etiarn
565 1689 662 1772 longe
686 1693 797 1770 potius
820 1691 981 1774 eligerem.
1017 1690 1101 1753 Nam
1125 1692 1151 1753 si
1175 1712 1251 1752 vere
1274 1691 1382 1768 habet,
1405 1690 1485 1753 illud
1509 1691 1588 1772 quid

168 1794 208 1855 sibi
232 1795 303 1870 vult,
334 1795 497 1857 obsecro?
535 1794 633 1857 Unde
663 1796 749 1857 enim
784 1797 862 1857 mihi
893 1806 984 1859 tanta
1018 1798 1066 1857 vis
1100 1797 1206 1872 animi,
1241 1796 1329 1857 unde
1360 1806 1409 1858 tot
1441 1797 1589 1877 tantique

167 1908 298 1979 sumptus,
332 1907 368 1961 ut
398 1900 473 1961 huic
503 1900 716 1961 admirandae
747 1902 816 1981 spei
847 1900 1088 1979 respondeam?
1127 1900 1180 1962 An
1208 1920 1261 1961 me
1292 1909 1407 1980 putant
1438 1901 1469 1961 in
1499 1898 1589 1960 ltalia

166 2003 304 2083 gallinacei
328 2003 421 2065 lactis
444 2004 596 2066 haustum
622 2004 790 2066 offendere
814 2025 912 2083 posse
935 2016 975 2082 et,
998 2004 1086 2066 velut
1110 2004 1314 2066 Theoxenus
1338 2003 1380 2064 de
1407 2003 1588 2066 Anacharsi

166 2108 202 2181 ait,
220 2119 392 2188 conspecta
416 2107 563 2171 Bononia
587 2128 653 2170 non
677 2119 766 2171 recta
791 2109 983 2188 provolante
1011 2129 1124 2192 gressu
1156 2109 1215 2170 sed
1240 2110 1272 2170 in
1294 2118 1407 2190 tergus
1431 2108 1591 2183 incedere,
1607 2130 1632 2171 rs

166 2213 325 2292 etquidem
349 2213 452 2274 multo
477 2232 576 2293 quam
607 2213 745 2275 antehac
778 2213 925 2292 pleniore
955 2215 1068 2295 gradu.
1114 2213 1195 2275 lllud
1225 2234 1302 2275 vero
1334 2212 1592 2293 haudquaquam

168 2316 223 2377 niti
242 2318 362 2390 evenit;
386 2317 483 2379 video
507 2318 537 2379 in
562 2337 615 2379 me
631 2319 741 2379 onmia
764 2318 888 2398 pusilla,
913 2329 1072 2380 consueta
1095 2328 1128 2380 et
1150 2318 1294 2379 trivialia.
1318 2316 1385 2380 Sed
1409 2317 1496 2378 illam
1520 2326 1588 2378 tam

166 2421 376 2483 admirandam
400 2422 588 2502 opinionem
613 2423 820 2484 concitavere
846 2423 899 2495 illi,
930 2425 985 2503 qui
1009 2433 1084 2484 ante
1108 2441 1160 2483 me
1184 2424 1215 2484 in
1240 2422 1328 2483 ltalia
1351 2422 1503 2503 deguere,
1535 2423 1591 2501 qui

165 2533 231 2587 tanto
252 2526 410 2587 maiorem
434 2526 495 2588 sibi
518 2527 748 2588 auctoritatem
774 2537 989 2606 aucupantur,
1014 2536 1173 2607 quantum
1197 2525 1279 2587 inter
1303 2524 1499 2587 eruditiores
1515 2545 1592 2605 pro·

166 2625 277 2691 sessores
299 2650 334 2691 se
357 2640 505 2692 versatos
529 2629 627 2692 luisse
650 2630 839 2712 gloriantur.
863 2630 934 2693 Nec
958 2630 1085 2705 mirum,
1110 2630 1272 2711 siquidem
1297 2630 1345 2703 (ut
1370 2639 1418 2692 cst
1450 2630 1482 2690 in
1513 2649 1633 2710 pro-ao

167 2733 264 2807 verbio)
291 2746 323 2796 et
353 2734 464 2796 asinus
494 2734 583 2815 apud
607 2731 784 2796 Cumanos.
831 2734 936 2797 Nimis
967 2735 1116 2816 profecto
1146 2735 1241 2796 nimis
1271 2734 1301 2795 in
1325 2754 1387 2795 nos
1411 2734 1591 2796 severiores

169 2854 262 2913 sumus,
295 2858 355 2900 nec
380 2840 487 2900 minus
518 2840 549 2900 in
580 2838 661 2901 alios
689 2839 953 2921 indulgentiores.
999 2838 1082 2900 Tam
1116 2840 1189 2918 (sic)
1219 2839 1322 2913 abest,
1354 2848 1389 2899 ut
1413 2858 1536 2917 pueros
1560 2839 1591 2900 in

168 2935 231 3002 ltalia
247 2962 401 3023 graecum
418 2941 628 3004 Aristotelem
644 2943 752 3024 legere
768 2943 817 3005 vel
835 2945 1014 3006 audiverim
1037 2944 1079 3004 ab
1103 2942 1213 3023 aliquo
1236 2941 1285 3003 vel
1303 2943 1446 3019 viderim,
1470 2952 1506 3003 ut
1527 2943 1589 3004 sint

170 3047 237 3119 pauci
257 3047 404 3126 prolecto
428 3047 557 3127 ephebi,
580 3049 634 3130 qui
658 3048 775 3109 orbem
799 3067 989 3129 graecarum
1014 3047 1178 3110 literarum
1203 3049 1323 3108 intrare
1339 3047 1492 3108 audeant.
1516 3045 1590 3126 Qua

171 3146 248 3211 dere
276 3152 365 3213 bono
396 3162 468 3213 esto
491 3153 616 3214 animo:
657 3151 747 3213 ltalia
776 3154 807 3214 in
831 3151 1003 3214 Graeciam
1027 3152 1159 3213 minime
1182 3150 1462 3227 transmutabitur,
1496 3150 1629 3229 quodas

173 3250 207 3312 ille
224 3256 395 3317 verebatur.
420 3253 544 3317 Scribis
567 3256 714 3317 seniores
738 3255 810 3318 illos
833 3258 896 3317 mei
920 3255 1064 3317 absentis
1088 3255 1253 3316 desiderio
1276 3255 1388 3330 teneri,
1410 3253 1502 3334 quod
1519 3274 1590 3335 cg0,

174 3354 228 3418 dum
252 3360 424 3439 praeterita
454 3360 614 3422 memoria
645 3370 767 3440 repeto,
798 3380 927 3441 nequeo
958 3359 1036 3421 satis
1066 3358 1238 3419 ammirari.
1284 3357 1337 3420 Tu
1367 3377 1446 3419 vero
1474 3358 1589 3421 subdis

173 3473 337 3541 argumenta,
361 3466 438 3545 quia
459 3473 492 3527 et
516 3465 625 3527 locum
649 3464 738 3526 illum
762 3464 998 3544 amplissimum
1032 3463 1110 3524 mihi
1140 3472 1256 3542 utpote
1287 3462 1501 3541 peripatetico
1533 3462 1590 3523 de-

175 3562 381 3651 signaverunt,²)
405 3577 439 3631 et
461 3588 514 3630 me
534 3569 640 3631 redire
655 3570 687 3630 in
703 3570 841 3648 patriam
865 3569 1128 3632 constantissime
1151 3566 1463 3645 adseveravertrnt.³)
1488 3565 1589 3645 Quod

175 3684 363 3735 commentum
385 3684 422 3736 tu
445 3672 555 3735 sorsan
580 3674 705 3753 rides.⁴)
752 3671 818 3735 Sed
850 3673 926 3735 nihil
950 3682 1008 3747 est,
1039 3672 1129 3752 quod
1154 3680 1250 3751 putes
1273 3681 1404 3750 praeter
1428 3671 1629 3732 rationemso

177 3767 272 3837 lactum.
304 3776 491 3840 Verisimile
514 3787 583 3839 erat
607 3786 751 3839 metam
775 3778 864 3838 brevi
888 3778 919 3838 in
944 3777 1082 3854 patriam
1105 3774 1350 3837 advolaturum:
1376 3774 1525 3856 legerunt
1547 3772 1590 3835 illi

176 3877 238 3950 apud
250 3878 445 3958 Ciceronem,
464 3901 562 3963 quam
579 3881 679 3943 chara
694 3883 736 3943 sit
750 3883 925 3962 unicuique
941 3881 1045 3961 patria
1061 3901 1128 3954 sua,
1152 3882 1210 3957 vel,
1226 3882 1382 3962 quoniam
1398 3876 1590 3941 Ciceronem

177 3994 305 4060 renuunt,
327 3984 418 4064 apud
442 3984 643 4048 Homerum:
668 3985 745 4048 nihil
768 3986 897 4047 dulcius
921 4006 994 4046 esse
1018 3986 1131 4065 patria,
1153 3994 1209 4046 aut
1234 3986 1308 4064 quia
1333 3990 1451 4063 poetae
1471 4001 1591 4043 nomen

178 4080 283 4149 oderunt
303 4109 384 4151 cane
408 4090 501 4169 peius
524 4100 556 4151 et
579 4091 685 4170 angui,
710 4090 799 4170 apud
820 4090 1003 4151 Lucianum
1027 4090 1278 4168 philosophum:
1303 4089 1407 4169 patria
1424 4086 1500 4151 nihil
1518 4107 1591 4148 esse

178 4199 218 4245 nec
234 4193 438 4255 venerabilius
461 4214 522 4256 nec
546 4195 692 4270 divinius,
716 4195 909 4275 nullumque
933 4214 1005 4256 esse
1028 4214 1107 4256 suae
1130 4196 1254 4273 patriae
1271 4194 1507 4266 immemorem,
1530 4190 1589 4252 sed
1603 4205 1631 4248 a

179 4302 397 4377 unumquenque
421 4298 510 4378 apud
534 4308 668 4360 exteros
691 4299 742 4359 vel
766 4299 974 4360 facultatibus
998 4298 1129 4359 divitem
1158 4298 1206 4358 vel
1231 4299 1349 4359 virtute
1372 4297 1517 4359 nobilem
1541 4294 1590 4355 vel

179 4386 247 4458 literis
270 4402 425 4483 insignem
455 4403 497 4464 ad
529 4423 623 4464 suam
653 4414 763 4464 tamen
795 4403 932 4483 patriam
965 4401 1124 4463 festinare.
1170 4400 1303 4481 Quippe
1335 4399 1425 4479 quod
1457 4400 1500 4460 ait
1522 4398 1590 4459 ille:

181 4492 288 4565 »Patriae
309 4504 419 4568 sumus
442 4506 548 4567 alieno
571 4506 635 4589 igni
660 4506 854 4568 luculentior
877 4516 953 4567 est«
981 4505 1094 4585 ltaque
1112 4506 1142 4566 in
1158 4525 1231 4566 eam
1249 4524 1343 4585 spem
1359 4503 1451 4566 facile
1474 4503 1591 4564 sublati

179 4612 241 4676 sunt3
260 4628 322 4688 quo
345 4608 449 4671 modo
473 4629 526 4670 me
548 4609 717 4685 admones
743 4621 776 4671 ut
800 4610 841 4671 illi
865 4611 935 4689 spei
953 4609 1180 4689 respondeam.
1205 4608 1363 4671 Gererem
1380 4609 1438 4669 tibi
1455 4627 1590 4682 morem,

180 4704 218 4763 Sed
235 4713 371 4775 nondum
387 4732 469 4788 eam,
493 4733 558 4792 qua
574 4735 659 4794 opus
675 4727 734 4791 est,
758 4714 855 4776 didici
873 4712 1096 4775 humilitatem.
1122 4713 1263 4775 Reddita
1283 4724 1332 4775 est
1349 4713 1424 4773 mihi
1443 4709 1632 4792 epistolam

180 4868 209 4880 s

216 4878 345 4893 ““--..-.

240 4966 256 5031 ¹)
271 4956 303 5023 li:
323 4986 397 5022 curn.

239 5061 302 5137 ‘lliz
321 5073 537 5141 designaverint.

238 5172 253 5237 ³)
269 5164 300 5229 ll:
319 5176 553 5230 adseveraverint.

238 5278 254 5345 ⁴)
269 5269 301 5334 li:
320 5283 435 5335 rideres.
