<?xml version="1.0" encoding="UTF-8"?>
<!DOCTYPE html PUBLIC "-//W3C//DTD XHTML 1.0 Transitional//EN"
    "http://www.w3.org/TR/xhtml1/DTD/xhtml1-transitional.dtd">
<html xmlns="http://www.w3.org/1999/xhtml" xml:lang="en" lang="en">
 <head>
  <title>
</title>
<meta http-equiv="Content-Type" content="text/html;charset=utf-8" />
  <meta name='ocr-system' content='tesseract 3.04.00' />
  <meta name='ocr-capabilities' content='ocr_page ocr_carea ocr_par ocr_line ocrx_word'/>
</head>
<body>
  <div class='ocr_page' id='page_1' title='image "./dvalistehumanis00vegoog_0076.png"; bbox 0 0 3674 5858; ppageno 0'>
   <div class='ocr_carea' id='block_1_1' title="bbox 615 383 1615 455">
    <p class='ocr_par' dir='ltr' id='par_1_1' title="bbox 615 383 1615 455">
     <span class='ocr_line' id='line_1_1' title="bbox 615 383 1615 455; baseline -0.003 -16"><span class='ocrx_word' id='word_1_1' title='bbox 615 387 732 455; x_wconf 63' lang='lat' dir='ltr'>Plseckp⁵</span> <span class='ocrx_word' id='word_1_2' title='bbox 753 383 901 438; x_wconf 84' lang='lat' dir='ltr'>hlichalovi</span> <span class='ocrx_word' id='word_1_3' title='bbox 925 401 957 436; x_wconf 90' lang='lat' dir='ltr'>ze</span> <span class='ocrx_word' id='word_1_4' title='bbox 976 385 1072 437; x_wconf 75' lang='lat' dir='ltr'>Strfrle</span> <span class='ocrx_word' id='word_1_5' title='bbox 1096 384 1168 437; x_wconf 77' lang='lat'>1510.</span> <span class='ocrx_word' id='word_1_6' title='bbox 1583 384 1615 436; x_wconf 78' lang='lat' dir='ltr'>m</span> 
     </span>
    </p>
   </div>
   <div class='ocr_carea' id='block_1_2' title="bbox 194 595 1618 790">
    <p class='ocr_par' dir='ltr' id='par_1_2' title="bbox 194 595 1618 790">
     <span class='ocr_line' id='line_1_2' title="bbox 196 595 1617 685; baseline -0.004 -21"><span class='ocrx_word' id='word_1_7' title='bbox 196 605 289 685; x_wconf 88' lang='lat' dir='ltr'>quippe</span> <span class='ocrx_word' id='word_1_8' title='bbox 310 601 367 681; x_wconf 92' lang='lat' dir='ltr'>qui</span> <span class='ocrx_word' id='word_1_9' title='bbox 390 600 530 662; x_wconf 90' lang='lat' dir='ltr'>orationi</span> <span class='ocrx_word' id='word_1_10' title='bbox 553 619 632 661; x_wconf 89' lang='lat' dir='ltr'>suae</span> <span class='ocrx_word' id='word_1_11' title='bbox 641 597 663 680; x_wconf 84' lang='lat'>¹)</span> <span class='ocrx_word' id='word_1_12' title='bbox 688 600 805 661; x_wconf 91' lang='lat' dir='ltr'>mirum</span> <span class='ocrx_word' id='word_1_13' title='bbox 830 600 861 661; x_wconf 88' lang='lat' dir='ltr'>in</span> <span class='ocrx_word' id='word_1_14' title='bbox 885 600 1022 662; x_wconf 91' lang='lat' dir='ltr'>modum</span> <span class='ocrx_word' id='word_1_15' title='bbox 1047 606 1236 678; x_wconf 83' lang='lat' dir='ltr'><strong>repugnent,</strong></span> <span class='ocrx_word' id='word_1_16' title='bbox 1261 596 1415 678; x_wconf 89' lang='lat' dir='ltr'><strong>aliudque</strong></span> <span class='ocrx_word' id='word_1_17' title='bbox 1438 598 1468 657; x_wconf 93' lang='lat' dir='ltr'>in</span> <span class='ocrx_word' id='word_1_18' title='bbox 1491 595 1617 678; x_wconf 82' lang='lat' dir='ltr'>angulis</span> 
     </span>
     <span class='ocr_line' id='line_1_3' title="bbox 194 701 1618 790; baseline -0.004 -21"><span class='ocrx_word' id='word_1_19' title='bbox 194 707 314 790; x_wconf 79' lang='lat' dir='ltr'>garriant,</span> <span class='ocrx_word' id='word_1_20' title='bbox 337 703 425 766; x_wconf 87' lang='lat' dir='ltr'>aliud</span> <span class='ocrx_word' id='word_1_21' title='bbox 450 703 582 784; x_wconf 90' lang='lat' dir='ltr'>publice</span> <span class='ocrx_word' id='word_1_22' title='bbox 605 704 828 783; x_wconf 86' lang='lat' dir='ltr'>profiteantur.</span> <span class='ocrx_word' id='word_1_23' title='bbox 854 704 980 766; x_wconf 91' lang='lat' dir='ltr'>Verum</span> <span class='ocrx_word' id='word_1_24' title='bbox 1004 721 1064 784; x_wconf 85' lang='lat' dir='ltr'>age</span> <span class='ocrx_word' id='word_1_25' title='bbox 1088 701 1205 763; x_wconf 90' lang='lat' dir='ltr'>demus</span> <span class='ocrx_word' id='word_1_26' title='bbox 1228 701 1291 762; x_wconf 92' lang='lat' dir='ltr'>hoc</span> <span class='ocrx_word' id='word_1_27' title='bbox 1315 701 1382 776; x_wconf 81' lang='lat' dir='ltr'>illis,</span> <span class='ocrx_word' id='word_1_28' title='bbox 1411 702 1455 762; x_wconf 89' lang='lat' dir='ltr'>ita</span> <span class='ocrx_word' id='word_1_29' title='bbox 1478 702 1618 763; x_wconf 86' lang='lat' dir='ltr'>sentiant</span> 
     </span>
    </p>
   </div>
   <div class='ocr_carea' id='block_1_3' title="bbox 165 805 1664 4846">
    <p class='ocr_par' dir='ltr' id='par_1_3' title="bbox 165 805 1664 4846">
     <span class='ocr_line' id='line_1_4' title="bbox 195 805 1618 887; baseline -0.005 -14"><span class='ocrx_word' id='word_1_30' title='bbox 195 809 269 883; x_wconf 88' lang='lat' dir='ltr'>domi,</span> <span class='ocrx_word' id='word_1_31' title='bbox 296 817 330 870; x_wconf 93' lang='lat' dir='ltr'>ut</span> <span class='ocrx_word' id='word_1_32' title='bbox 365 806 444 869; x_wconf 91' lang='lat' dir='ltr'>foris</span> <span class='ocrx_word' id='word_1_33' title='bbox 483 807 732 887; x_wconf 72' lang='lat' dir='ltr'>prefatentur:²)</span> <span class='ocrx_word' id='word_1_34' title='bbox 767 827 876 869; x_wconf 88' lang='lat' dir='ltr'>nonne</span> <span class='ocrx_word' id='word_1_35' title='bbox 910 807 960 869; x_wconf 90' lang='lat' dir='ltr'>vel</span> <span class='ocrx_word' id='word_1_36' title='bbox 995 807 1081 868; x_wconf 89' lang='lat' dir='ltr'>hunc</span> <span class='ocrx_word' id='word_1_37' title='bbox 1116 805 1307 885; x_wconf 90' lang='lat' dir='ltr'>scrupulum</span> <span class='ocrx_word' id='word_1_38' title='bbox 1342 806 1460 867; x_wconf 90' lang='lat' dir='ltr'>iustam</span> <span class='ocrx_word' id='word_1_39' title='bbox 1494 805 1618 868; x_wconf 90' lang='lat' dir='ltr'>consilii</span> 
     </span>
     <span class='ocr_line' id='line_1_5' title="bbox 194 909 1617 991; baseline -0.003 -15"><span class='ocrx_word' id='word_1_40' title='bbox 194 913 374 976; x_wconf 80' lang='lat' dir='ltr'>occasionem</span> <span class='ocrx_word' id='word_1_41' title='bbox 398 911 525 974; x_wconf 87' lang='lat' dir='ltr'>adferre</span> <span class='ocrx_word' id='word_1_42' title='bbox 548 912 667 989; x_wconf 89' lang='lat' dir='ltr'>credis,</span> <span class='ocrx_word' id='word_1_43' title='bbox 689 912 780 991; x_wconf 91' lang='lat' dir='ltr'>quod</span> <span class='ocrx_word' id='word_1_44' title='bbox 804 911 979 972; x_wconf 90' lang='lat' dir='ltr'>adfirmant</span> <span class='ocrx_word' id='word_1_45' title='bbox 1002 909 1215 972; x_wconf 85' lang='lat' dir='ltr'>eucharistiae</span> <span class='ocrx_word' id='word_1_46' title='bbox 1234 918 1475 971; x_wconf 87' lang='lat' dir='ltr'>sacramentum</span> <span class='ocrx_word' id='word_1_47' title='bbox 1492 910 1617 991; x_wconf 91' lang='lat' dir='ltr'>populo</span> 
     </span>
     <span class='ocr_line' id='line_1_6' title="bbox 193 1011 1657 1096; baseline -0.003 -16"><span class='ocrx_word' id='word_1_48' title='bbox 193 1019 240 1080; x_wconf 88' lang='lat' dir='ltr'>sub</span> <span class='ocrx_word' id='word_1_49' title='bbox 258 1026 390 1096; x_wconf 90' lang='lat' dir='ltr'>utraque</span> <span class='ocrx_word' id='word_1_50' title='bbox 413 1017 523 1096; x_wconf 91' lang='lat' dir='ltr'>specie</span> <span class='ocrx_word' id='word_1_51' title='bbox 547 1015 819 1091; x_wconf 90' lang='lat' dir='ltr'>distribuendum,</span> <span class='ocrx_word' id='word_1_52' title='bbox 841 1015 1009 1096; x_wconf 89' lang='lat' dir='ltr'>quiaillud</span> <span class='ocrx_word' id='word_1_53' title='bbox 1026 1025 1058 1075; x_wconf 92' lang='lat' dir='ltr'>et</span> <span class='ocrx_word' id='word_1_54' title='bbox 1074 1011 1224 1075; x_wconf 88' lang='lat' dir='ltr'>Christus</span> <span class='ocrx_word' id='word_1_55' title='bbox 1240 1015 1413 1076; x_wconf 90' lang='lat' dir='ltr'>instituerit</span> <span class='ocrx_word' id='word_1_56' title='bbox 1428 1023 1460 1075; x_wconf 91' lang='lat' dir='ltr'>et</span> <span class='ocrx_word' id='word_1_57' title='bbox 1476 1014 1617 1094; x_wconf 90' lang='lat' dir='ltr'>apostoli</span> <span class='ocrx_word' id='word_1_58' title='bbox 1643 1033 1657 1074; x_wconf 85' lang='lat'><strong>5</strong></span> 
     </span>
     <span class='ocr_line' id='line_1_7' title="bbox 165 1115 1618 1200; baseline -0.002 -18"><span class='ocrx_word' id='word_1_59' title='bbox 165 1115 168 1122; x_wconf 75' lang='grc'><strong>’</strong></span> <span class='ocrx_word' id='word_1_60' title='bbox 193 1120 338 1182; x_wconf 90' lang='lat' dir='ltr'>docuerint</span> <span class='ocrx_word' id='word_1_61' title='bbox 362 1129 395 1181; x_wconf 86' lang='lat' dir='ltr'>et</span> <span class='ocrx_word' id='word_1_62' title='bbox 417 1119 556 1180; x_wconf 89' lang='lat' dir='ltr'>tenuerit</span> <span class='ocrx_word' id='word_1_63' title='bbox 579 1119 739 1200; x_wconf 89' lang='lat' dir='ltr'>primitiva</span> <span class='ocrx_word' id='word_1_64' title='bbox 763 1119 908 1192; x_wconf 88' lang='lat' dir='ltr'>ecclesia,</span> <span class='ocrx_word' id='word_1_65' title='bbox 932 1119 1022 1199; x_wconf 94' lang='lat' dir='ltr'>quod</span> <span class='ocrx_word' id='word_1_66' title='bbox 1039 1138 1058 1179; x_wconf 90' lang='lat' dir='ltr'>a</span> <span class='ocrx_word' id='word_1_67' title='bbox 1074 1118 1223 1180; x_wconf 87' lang='lat' dir='ltr'>Romana</span> <span class='ocrx_word' id='word_1_68' title='bbox 1247 1118 1384 1180; x_wconf 91' lang='lat' dir='ltr'>ecclesia</span> <span class='ocrx_word' id='word_1_69' title='bbox 1405 1119 1436 1179; x_wconf 93' lang='lat' dir='ltr'>in</span> <span class='ocrx_word' id='word_1_70' title='bbox 1453 1118 1618 1180; x_wconf 87' lang='lat' dir='ltr'>diversum</span> 
     </span>
     <span class='ocr_line' id='line_1_8' title="bbox 193 1221 1619 1303; baseline -0.001 -17"><span class='ocrx_word' id='word_1_71' title='bbox 193 1245 219 1286; x_wconf 89' lang='lat' dir='ltr'>se</span> <span class='ocrx_word' id='word_1_72' title='bbox 236 1225 344 1286; x_wconf 86' lang='lat' dir='ltr'>abiisse</span> <span class='ocrx_word' id='word_1_73' title='bbox 367 1223 488 1295; x_wconf 91' lang='lat' dir='ltr'>dicunt,</span> <span class='ocrx_word' id='word_1_74' title='bbox 512 1223 602 1303; x_wconf 89' lang='lat' dir='ltr'>quod</span> <span class='ocrx_word' id='word_1_75' title='bbox 627 1223 819 1285; x_wconf 87' lang='lat' dir='ltr'>sacerdotes</span> <span class='ocrx_word' id='word_1_76' title='bbox 841 1223 968 1284; x_wconf 90' lang='lat' dir='ltr'>nonnisi</span> <span class='ocrx_word' id='word_1_77' title='bbox 992 1224 1098 1284; x_wconf 91' lang='lat' dir='ltr'>bonos</span> <span class='ocrx_word' id='word_1_78' title='bbox 1121 1222 1293 1283; x_wconf 88' lang='lat' dir='ltr'>admittere</span> <span class='ocrx_word' id='word_1_79' title='bbox 1316 1222 1504 1283; x_wconf 63' lang='lat' dir='ltr'>videntum«</span> <span class='ocrx_word' id='word_1_80' title='bbox 1532 1221 1619 1284; x_wconf 90' lang='lat' dir='ltr'>Tum</span> 
     </span>
     <span class='ocr_line' id='line_1_9' title="bbox 192 1326 1619 1409; baseline -0.001 -20"><span class='ocrx_word' id='word_1_81' title='bbox 192 1328 242 1390; x_wconf 88' lang='lat' dir='ltr'>ille:</span> <span class='ocrx_word' id='word_1_82' title='bbox 264 1327 390 1389; x_wconf 80' lang='lat' dir='ltr'>»Habet</span> <span class='ocrx_word' id='word_1_83' title='bbox 412 1328 457 1388; x_wconf 93' lang='lat' dir='ltr'>ita</span> <span class='ocrx_word' id='word_1_84' title='bbox 481 1327 584 1407; x_wconf 86' lang='lat' dir='ltr'>plane,</span> <span class='ocrx_word' id='word_1_85' title='bbox 607 1329 691 1389; x_wconf 89' lang='lat' dir='ltr'>sicut</span> <span class='ocrx_word' id='word_1_86' title='bbox 714 1327 872 1409; x_wconf 89' lang='lat' dir='ltr'>loquutus</span> <span class='ocrx_word' id='word_1_87' title='bbox 895 1347 938 1389; x_wconf 90' lang='lat' dir='ltr'>es.</span> <span class='ocrx_word' id='word_1_88' title='bbox 964 1326 1024 1389; x_wconf 87' lang='lat' dir='ltr'>Vis</span> <span class='ocrx_word' id='word_1_89' title='bbox 1048 1327 1143 1408; x_wconf 88' lang='lat' dir='ltr'>igitur</span> <span class='ocrx_word' id='word_1_90' title='bbox 1166 1346 1279 1388; x_wconf 91' lang='lat' dir='ltr'>eamus</span> <span class='ocrx_word' id='word_1_91' title='bbox 1302 1327 1344 1388; x_wconf 89' lang='lat' dir='ltr'>ad</span> <span class='ocrx_word' id='word_1_92' title='bbox 1369 1327 1432 1388; x_wconf 93' lang='lat' dir='ltr'>divi</span> <span class='ocrx_word' id='word_1_93' title='bbox 1450 1326 1619 1404; x_wconf 89' lang='lat' dir='ltr'>Dominici,</span> 
     </span>
     <span class='ocr_line' id='line_1_10' title="bbox 192 1429 1618 1512; baseline 0 -20"><span class='ocrx_word' id='word_1_94' title='bbox 192 1442 216 1492; x_wconf 87' lang='lat' dir='ltr'>et</span> <span class='ocrx_word' id='word_1_95' title='bbox 233 1451 321 1512; x_wconf 88' lang='lat' dir='ltr'>super</span> <span class='ocrx_word' id='word_1_96' title='bbox 344 1452 383 1493; x_wconf 84' lang='lat' dir='ltr'>ea</span> <span class='ocrx_word' id='word_1_97' title='bbox 407 1451 442 1493; x_wconf 89' lang='lat' dir='ltr'>re</span> <span class='ocrx_word' id='word_1_98' title='bbox 466 1451 542 1493; x_wconf 90' lang='lat' dir='ltr'>cum</span> <span class='ocrx_word' id='word_1_99' title='bbox 565 1430 675 1512; x_wconf 93' lang='lat' dir='ltr'>aliquo</span> <span class='ocrx_word' id='word_1_100' title='bbox 701 1431 941 1493; x_wconf 91' lang='lat' dir='ltr'>monachorum</span> <span class='ocrx_word' id='word_1_101' title='bbox 966 1431 1202 1493; x_wconf 77' lang='lat' dir='ltr'>conferamus.‹</span> <span class='ocrx_word' id='word_1_102' title='bbox 1239 1429 1375 1503; x_wconf 59' lang='lat' dir='ltr'>»Vola«</span> <span class='ocrx_word' id='word_1_103' title='bbox 1401 1432 1532 1511; x_wconf 89' lang='lat' dir='ltr'>inquam</span> <span class='ocrx_word' id='word_1_104' title='bbox 1556 1450 1618 1511; x_wconf 90' lang='lat' dir='ltr'>ego</span> 
     </span>
     <span class='ocr_line' id='line_1_11' title="bbox 194 1532 1657 1618; baseline -0.001 -22"><span class='ocrx_word' id='word_1_105' title='bbox 194 1555 269 1597; x_wconf 77' lang='lat' dir='ltr'>»sane</span> <span class='ocrx_word' id='word_1_106' title='bbox 289 1555 388 1617; x_wconf 91' lang='lat' dir='ltr'>quam</span> <span class='ocrx_word' id='word_1_107' title='bbox 412 1535 578 1597; x_wconf 78' lang='lat' dir='ltr'>libenter«</span> <span class='ocrx_word' id='word_1_108' title='bbox 606 1535 713 1618; x_wconf 83' lang='lat' dir='ltr'>Pergit</span> <span class='ocrx_word' id='word_1_109' title='bbox 736 1537 845 1616; x_wconf 87' lang='lat' dir='ltr'>itaque</span> <span class='ocrx_word' id='word_1_110' title='bbox 868 1535 928 1609; x_wconf 84' lang='lat' dir='ltr'>itte,</span> <span class='ocrx_word' id='word_1_111' title='bbox 952 1555 1014 1617; x_wconf 92' lang='lat' dir='ltr'>ego</span> <span class='ocrx_word' id='word_1_112' title='bbox 1038 1536 1067 1597; x_wconf 91' lang='lat' dir='ltr'>ei</span> <span class='ocrx_word' id='word_1_113' title='bbox 1089 1533 1229 1616; x_wconf 90' lang='lat' dir='ltr'>gradum</span> <span class='ocrx_word' id='word_1_114' title='bbox 1253 1532 1349 1595; x_wconf 85' lang='lat' dir='ltr'>add0.</span> <span class='ocrx_word' id='word_1_115' title='bbox 1380 1534 1512 1614; x_wconf 87' lang='lat' dir='ltr'>lamque</span> <span class='ocrx_word' id='word_1_116' title='bbox 1535 1536 1617 1595; x_wconf 89' lang='lat' dir='ltr'>intra</span> <span class='ocrx_word' id='word_1_117' title='bbox 1632 1552 1657 1594; x_wconf 85' lang='lat' dir='ltr'>io</span> 
     </span>
     <span class='ocr_line' id='line_1_12' title="bbox 191 1637 1618 1721; baseline 0 -21"><span class='ocrx_word' id='word_1_118' title='bbox 191 1640 298 1701; x_wconf 83' lang='lat' dir='ltr'>claustri</span> <span class='ocrx_word' id='word_1_119' title='bbox 332 1640 441 1703; x_wconf 87' lang='lat' dir='ltr'>limina</span> <span class='ocrx_word' id='word_1_120' title='bbox 477 1641 644 1701; x_wconf 88' lang='lat' dir='ltr'>constituti</span> <span class='ocrx_word' id='word_1_121' title='bbox 678 1660 914 1721; x_wconf 87' lang='lat' dir='ltr'>promovemus</span> <span class='ocrx_word' id='word_1_122' title='bbox 949 1640 1076 1719; x_wconf 89' lang='lat' dir='ltr'>pedem,</span> <span class='ocrx_word' id='word_1_123' title='bbox 1111 1639 1136 1699; x_wconf 93' lang='lat' dir='ltr'>si</span> <span class='ocrx_word' id='word_1_124' title='bbox 1171 1657 1270 1717; x_wconf 90' lang='lat' dir='ltr'>quem</span> <span class='ocrx_word' id='word_1_125' title='bbox 1304 1637 1387 1699; x_wconf 90' lang='lat' dir='ltr'>forte</span> <span class='ocrx_word' id='word_1_126' title='bbox 1418 1638 1618 1700; x_wconf 91' lang='lat' dir='ltr'>monachum</span> 
     </span>
     <span class='ocr_line' id='line_1_13' title="bbox 191 1742 1618 1823; baseline 0.001 -20"><span class='ocrx_word' id='word_1_127' title='bbox 191 1745 266 1805; x_wconf 89' lang='lat' dir='ltr'>nobis</span> <span class='ocrx_word' id='word_1_128' title='bbox 286 1765 358 1806; x_wconf 91' lang='lat' dir='ltr'>sese</span> <span class='ocrx_word' id='word_1_129' title='bbox 381 1744 515 1806; x_wconf 91' lang='lat' dir='ltr'>obvium</span> <span class='ocrx_word' id='word_1_130' title='bbox 538 1743 696 1807; x_wconf 89' lang='lat' dir='ltr'>ferentem</span> <span class='ocrx_word' id='word_1_131' title='bbox 721 1744 911 1806; x_wconf 89' lang='lat' dir='ltr'>habeamus.</span> <span class='ocrx_word' id='word_1_132' title='bbox 936 1743 1024 1806; x_wconf 91' lang='lat' dir='ltr'>Ecce</span> <span class='ocrx_word' id='word_1_133' title='bbox 1047 1763 1125 1804; x_wconf 90' lang='lat' dir='ltr'>vero</span> <span class='ocrx_word' id='word_1_134' title='bbox 1149 1743 1193 1803; x_wconf 91' lang='lat' dir='ltr'>ibi</span> <span class='ocrx_word' id='word_1_135' title='bbox 1209 1742 1390 1804; x_wconf 90' lang='lat' dir='ltr'>monachus</span> <span class='ocrx_word' id='word_1_136' title='bbox 1414 1742 1499 1820; x_wconf 63' lang='lat' dir='ltr'>illel)</span> <span class='ocrx_word' id='word_1_137' title='bbox 1524 1743 1618 1823; x_wconf 93' lang='lat' dir='ltr'>quid-</span> 
     </span>
     <span class='ocr_line' id='line_1_14' title="bbox 192 1846 1618 1928; baseline 0.001 -21"><span class='ocrx_word' id='word_1_138' title='bbox 192 1847 259 1924; x_wconf 89' lang='lat' dir='ltr'>piam</span> <span class='ocrx_word' id='word_1_139' title='bbox 286 1849 327 1910; x_wconf 90' lang='lat' dir='ltr'>de</span> <span class='ocrx_word' id='word_1_140' title='bbox 358 1849 473 1928; x_wconf 90' lang='lat' dir='ltr'>spiritu</span> <span class='ocrx_word' id='word_1_141' title='bbox 504 1859 619 1911; x_wconf 87' lang='lat' dir='ltr'>sancto</span> <span class='ocrx_word' id='word_1_142' title='bbox 650 1849 780 1928; x_wconf 88' lang='lat' dir='ltr'>publice</span> <span class='ocrx_word' id='word_1_143' title='bbox 808 1847 944 1922; x_wconf 85' lang='lat' dir='ltr'>disserit,</span> <span class='ocrx_word' id='word_1_144' title='bbox 979 1849 1071 1909; x_wconf 92' lang='lat' dir='ltr'>cuius</span> <span class='ocrx_word' id='word_1_145' title='bbox 1102 1846 1303 1909; x_wconf 89' lang='lat' dir='ltr'>auditorium</span> <span class='ocrx_word' id='word_1_146' title='bbox 1333 1847 1467 1927; x_wconf 88' lang='lat' dir='ltr'>ingressi</span> <span class='ocrx_word' id='word_1_147' title='bbox 1490 1856 1618 1909; x_wconf 91' lang='lat' dir='ltr'>tantum</span> 
     </span>
     <span class='ocr_line' id='line_1_15' title="bbox 191 1951 1619 2032; baseline 0.001 -22"><span class='ocrx_word' id='word_1_148' title='bbox 191 1954 324 2032; x_wconf 87' lang='lat' dir='ltr'>temporis</span> <span class='ocrx_word' id='word_1_149' title='bbox 357 1953 548 2028; x_wconf 88' lang='lat' dir='ltr'>assedimus,</span> <span class='ocrx_word' id='word_1_150' title='bbox 580 1952 658 2014; x_wconf 90' lang='lat' dir='ltr'>dum</span> <span class='ocrx_word' id='word_1_151' title='bbox 690 1951 742 2014; x_wconf 88' lang='lat' dir='ltr'>ille</span> <span class='ocrx_word' id='word_1_152' title='bbox 773 1952 983 2031; x_wconf 88' lang='lat' dir='ltr'>praelectioni</span> <span class='ocrx_word' id='word_1_153' title='bbox 1014 1952 1162 2013; x_wconf 90' lang='lat' dir='ltr'>horariae</span> <span class='ocrx_word' id='word_1_154' title='bbox 1193 1970 1382 2032; x_wconf 87' lang='lat' dir='ltr'>supremam</span> <span class='ocrx_word' id='word_1_155' title='bbox 1407 1971 1539 2012; x_wconf 89' lang='lat' dir='ltr'>manum</span> <span class='ocrx_word' id='word_1_156' title='bbox 1562 1951 1619 2012; x_wconf 90' lang='lat' dir='ltr'>ad·</span> 
     </span>
     <span class='ocr_line' id='line_1_16' title="bbox 192 2055 1659 2138; baseline 0.001 -22"><span class='ocrx_word' id='word_1_157' title='bbox 192 2067 305 2119; x_wconf 87' lang='lat' dir='ltr'>moveat.</span> <span class='ocrx_word' id='word_1_158' title='bbox 330 2055 406 2135; x_wconf 83' lang='lat' dir='ltr'>Quo</span> <span class='ocrx_word' id='word_1_159' title='bbox 430 2056 517 2119; x_wconf 91' lang='lat' dir='ltr'>facto</span> <span class='ocrx_word' id='word_1_160' title='bbox 537 2057 708 2120; x_wconf 81' lang='lat' dir='ltr'>confestim</span> <span class='ocrx_word' id='word_1_161' title='bbox 725 2058 821 2118; x_wconf 89' lang='lat' dir='ltr'>nobis</span> <span class='ocrx_word' id='word_1_162' title='bbox 838 2077 896 2136; x_wconf 91' lang='lat' dir='ltr'>per</span> <span class='ocrx_word' id='word_1_163' title='bbox 911 2055 1041 2118; x_wconf 87' lang='lat' dir='ltr'>fratrem</span> <span class='ocrx_word' id='word_1_164' title='bbox 1062 2057 1228 2138; x_wconf 91' lang='lat' dir='ltr'>quendam</span> <span class='ocrx_word' id='word_1_165' title='bbox 1246 2056 1436 2117; x_wconf 84' lang='lat' dir='ltr'>Bemhardo</span> <span class='ocrx_word' id='word_1_166' title='bbox 1452 2057 1618 2137; x_wconf 87' lang='lat' dir='ltr'>cognitum</span> <span class='ocrx_word' id='word_1_167' title='bbox 1633 2071 1659 2112; x_wconf 81' lang='lat'>15</span> 
     </span>
     <span class='ocr_line' id='line_1_17' title="bbox 191 2159 1617 2243; baseline 0.003 -25"><span class='ocrx_word' id='word_1_168' title='bbox 191 2160 266 2237; x_wconf 86' lang='lat' dir='ltr'>copia</span> <span class='ocrx_word' id='word_1_169' title='bbox 287 2160 375 2223; x_wconf 92' lang='lat' dir='ltr'>illum</span> <span class='ocrx_word' id='word_1_170' title='bbox 399 2161 587 2242; x_wconf 88' lang='lat' dir='ltr'>alloquendi</span> <span class='ocrx_word' id='word_1_171' title='bbox 610 2171 753 2241; x_wconf 88' lang='lat' dir='ltr'>paratur.</span> <span class='ocrx_word' id='word_1_172' title='bbox 777 2159 982 2223; x_wconf 87' lang='lat' dir='ltr'>Salutatione</span> <span class='ocrx_word' id='word_1_173' title='bbox 1005 2162 1100 2242; x_wconf 88' lang='lat' dir='ltr'>igitur</span> <span class='ocrx_word' id='word_1_174' title='bbox 1124 2171 1155 2222; x_wconf 92' lang='lat' dir='ltr'>et</span> <span class='ocrx_word' id='word_1_175' title='bbox 1179 2160 1256 2222; x_wconf 88' lang='lat' dir='ltr'>data</span> <span class='ocrx_word' id='word_1_176' title='bbox 1279 2170 1312 2222; x_wconf 89' lang='lat' dir='ltr'>et</span> <span class='ocrx_word' id='word_1_177' title='bbox 1334 2169 1471 2240; x_wconf 88' lang='lat' dir='ltr'>accepta</span> <span class='ocrx_word' id='word_1_178' title='bbox 1494 2180 1556 2243; x_wconf 87' lang='lat' dir='ltr'>ego</span> <span class='ocrx_word' id='word_1_179' title='bbox 1576 2161 1617 2222; x_wconf 91' lang='lat' dir='ltr'>ad</span> 
     </span>
     <span class='ocr_line' id='line_1_18' title="bbox 190 2260 1618 2347; baseline 0.005 -28"><span class='ocrx_word' id='word_1_180' title='bbox 190 2260 275 2325; x_wconf 86' lang='lat' dir='ltr'>illum:</span> <span class='ocrx_word' id='word_1_181' title='bbox 302 2265 516 2347; x_wconf 64' lang='lat' dir='ltr'>›Rogamus‹</span> <span class='ocrx_word' id='word_1_182' title='bbox 544 2267 686 2345; x_wconf 92' lang='lat' dir='ltr'>inquam,</span> <span class='ocrx_word' id='word_1_183' title='bbox 712 2275 834 2346; x_wconf 80' lang='lat' dir='ltr'>›pater,</span> <span class='ocrx_word' id='word_1_184' title='bbox 861 2275 897 2327; x_wconf 90' lang='lat' dir='ltr'>ut</span> <span class='ocrx_word' id='word_1_185' title='bbox 920 2266 1015 2345; x_wconf 87' lang='lat' dir='ltr'>aequi</span> <span class='ocrx_word' id='word_1_186' title='bbox 1040 2266 1183 2345; x_wconf 89' lang='lat' dir='ltr'>bonique</span> <span class='ocrx_word' id='word_1_187' title='bbox 1206 2263 1368 2340; x_wconf 87' lang='lat' dir='ltr'>consulas,</span> <span class='ocrx_word' id='word_1_188' title='bbox 1391 2266 1417 2326; x_wconf 90' lang='lat' dir='ltr'>si</span> <span class='ocrx_word' id='word_1_189' title='bbox 1440 2275 1473 2326; x_wconf 90' lang='lat' dir='ltr'>te</span> <span class='ocrx_word' id='word_1_190' title='bbox 1497 2264 1539 2326; x_wconf 91' lang='lat' dir='ltr'>de</span> <span class='ocrx_word' id='word_1_191' title='bbox 1562 2284 1618 2326; x_wconf 87' lang='lat' dir='ltr'>ne-</span> 
     </span>
     <span class='ocr_line' id='line_1_19' title="bbox 189 2366 1618 2450; baseline 0.003 -25"><span class='ocrx_word' id='word_1_192' title='bbox 189 2368 262 2442; x_wconf 85' lang='lat' dir='ltr'>gotio</span> <span class='ocrx_word' id='word_1_193' title='bbox 284 2371 439 2449; x_wconf 89' lang='lat' dir='ltr'>quopiam</span> <span class='ocrx_word' id='word_1_194' title='bbox 462 2369 538 2432; x_wconf 89' lang='lat' dir='ltr'>fidei</span> <span class='ocrx_word' id='word_1_195' title='bbox 562 2370 796 2450; x_wconf 89' lang='lat' dir='ltr'>requirendum</span> <span class='ocrx_word' id='word_1_196' title='bbox 819 2368 1047 2431; x_wconf 80' lang='lat' dir='ltr'>voluerimus«</span> <span class='ocrx_word' id='word_1_197' title='bbox 1100 2366 1155 2430; x_wconf 82' lang='lat' dir='ltr'>Ao</span> <span class='ocrx_word' id='word_1_198' title='bbox 1179 2369 1260 2430; x_wconf 86' lang='lat' dir='ltr'>haec</span> <span class='ocrx_word' id='word_1_199' title='bbox 1282 2369 1352 2430; x_wconf 87' lang='lat' dir='ltr'>ille:</span> <span class='ocrx_word' id='word_1_200' title='bbox 1380 2368 1431 2431; x_wconf 84' lang='lat' dir='ltr'>»Si</span> <span class='ocrx_word' id='word_1_201' title='bbox 1454 2369 1533 2450; x_wconf 91' lang='lat' dir='ltr'>quid</span> <span class='ocrx_word' id='word_1_202' title='bbox 1557 2389 1618 2450; x_wconf 88' lang='lat' dir='ltr'>ego</span> 
     </span>
     <span class='ocr_line' id='line_1_20' title="bbox 188 2472 1621 2556; baseline 0.006 -28"><span class='ocrx_word' id='word_1_203' title='bbox 188 2486 331 2551; x_wconf 78' lang='lat' dir='ltr'>possum&lt;</span> <span class='ocrx_word' id='word_1_204' title='bbox 366 2475 478 2556; x_wconf 90' lang='lat' dir='ltr'>inquit,</span> <span class='ocrx_word' id='word_1_205' title='bbox 516 2475 663 2536; x_wconf 83' lang='lat' dir='ltr'>»habetis</span> <span class='ocrx_word' id='word_1_206' title='bbox 694 2494 831 2554; x_wconf 90' lang='lat' dir='ltr'>operam</span> <span class='ocrx_word' id='word_1_207' title='bbox 864 2493 971 2535; x_wconf 89' lang='lat' dir='ltr'>meam</span> <span class='ocrx_word' id='word_1_208' title='bbox 1002 2493 1077 2534; x_wconf 93' lang='lat' dir='ltr'>cum</span> <span class='ocrx_word' id='word_1_209' title='bbox 1109 2474 1140 2534; x_wconf 92' lang='lat' dir='ltr'>in</span> <span class='ocrx_word' id='word_1_210' title='bbox 1170 2472 1239 2534; x_wconf 88' lang='lat' dir='ltr'>aliis</span> <span class='ocrx_word' id='word_1_211' title='bbox 1270 2483 1340 2534; x_wconf 92' lang='lat' dir='ltr'>tum</span> <span class='ocrx_word' id='word_1_212' title='bbox 1365 2474 1498 2535; x_wconf 88' lang='lat' dir='ltr'>veroin</span> <span class='ocrx_word' id='word_1_213' title='bbox 1523 2475 1621 2536; x_wconf 92' lang='lat' dir='ltr'>rebus</span> 
     </span>
     <span class='ocr_line' id='line_1_21' title="bbox 186 2571 1662 2660; baseline 0.002 -24"><span class='ocrx_word' id='word_1_214' title='bbox 186 2571 246 2637; x_wconf 86' lang='lat' dir='ltr'>fidei</span> <span class='ocrx_word' id='word_1_215' title='bbox 268 2579 533 2658; x_wconf 82' lang='lat' dir='ltr'>paratissimam«</span> <span class='ocrx_word' id='word_1_216' title='bbox 561 2576 621 2641; x_wconf 90' lang='lat' dir='ltr'>Cui</span> <span class='ocrx_word' id='word_1_217' title='bbox 645 2598 721 2660; x_wconf 91' lang='lat' dir='ltr'>ego:</span> <span class='ocrx_word' id='word_1_218' title='bbox 750 2577 857 2640; x_wconf 86' lang='lat' dir='ltr'>»Num</span> <span class='ocrx_word' id='word_1_219' title='bbox 882 2597 940 2656; x_wconf 90' lang='lat' dir='ltr'>per</span> <span class='ocrx_word' id='word_1_220' title='bbox 963 2597 1059 2638; x_wconf 88' lang='lat' dir='ltr'>aures</span> <span class='ocrx_word' id='word_1_221' title='bbox 1083 2586 1184 2652; x_wconf 66' lang='lat' dir='ltr'>tuas«</span> <span class='ocrx_word' id='word_1_222' title='bbox 1211 2579 1352 2656; x_wconf 90' lang='lat' dir='ltr'>inquam,</span> <span class='ocrx_word' id='word_1_223' title='bbox 1389 2577 1513 2658; x_wconf 80' lang='lat' dir='ltr'>»aliqua</span> <span class='ocrx_word' id='word_1_224' title='bbox 1536 2577 1662 2640; x_wconf 68' lang='lat' dir='ltr'>samaro</span> 
     </span>
     <span class='ocr_line' id='line_1_22' title="bbox 186 2675 1620 2764; baseline 0.005 -27"><span class='ocrx_word' id='word_1_225' title='bbox 186 2675 273 2745; x_wconf 83' lang='lat' dir='ltr'>iverat</span> <span class='ocrx_word' id='word_1_226' title='bbox 294 2703 365 2744; x_wconf 88' lang='lat' dir='ltr'>esse</span> <span class='ocrx_word' id='word_1_227' title='bbox 391 2703 527 2764; x_wconf 85' lang='lat' dir='ltr'>regnum</span> <span class='ocrx_word' id='word_1_228' title='bbox 552 2682 721 2763; x_wconf 85' lang='lat' dir='ltr'>quoddam</span> <span class='ocrx_word' id='word_1_229' title='bbox 747 2681 940 2743; x_wconf 69' lang='lat' dir='ltr'>Boemiaeie</span> <span class='ocrx_word' id='word_1_230' title='bbox 968 2681 1025 2743; x_wconf 93' lang='lat' dir='ltr'>Ille</span> <span class='ocrx_word' id='word_1_231' title='bbox 1041 2702 1134 2743; x_wconf 91' lang='lat' dir='ltr'>vero:</span> <span class='ocrx_word' id='word_1_232' title='bbox 1162 2680 1357 2758; x_wconf 79' lang='lat' dir='ltr'>»Profect0,‹</span> <span class='ocrx_word' id='word_1_233' title='bbox 1378 2682 1488 2763; x_wconf 89' lang='lat' dir='ltr'>inquit.</span> <span class='ocrx_word' id='word_1_234' title='bbox 1513 2683 1620 2744; x_wconf 81' lang='lat' dir='ltr'>»Num</span> 
     </span>
     <span class='ocr_line' id='line_1_23' title="bbox 181 2781 1621 2868; baseline 0.008 -30"><span class='ocrx_word' id='word_1_235' title='bbox 181 2781 292 2861; x_wconf 72' lang='lat' dir='ltr'>etiam«</span> <span class='ocrx_word' id='word_1_236' title='bbox 319 2788 453 2867; x_wconf 90' lang='lat' dir='ltr'>inquam</span> <span class='ocrx_word' id='word_1_237' title='bbox 482 2787 578 2848; x_wconf 72' lang='lat' dir='ltr'>»illud</span> <span class='ocrx_word' id='word_1_238' title='bbox 603 2787 766 2866; x_wconf 88' lang='lat' dir='ltr'>accepisti,</span> <span class='ocrx_word' id='word_1_239' title='bbox 791 2794 826 2848; x_wconf 91' lang='lat' dir='ltr'>ut</span> <span class='ocrx_word' id='word_1_240' title='bbox 849 2795 958 2847; x_wconf 84' lang='lat' dir='ltr'>sectae</span> <span class='ocrx_word' id='word_1_241' title='bbox 982 2785 1146 2866; x_wconf 89' lang='lat' dir='ltr'>quaedam</span> <span class='ocrx_word' id='word_1_242' title='bbox 1169 2786 1200 2847; x_wconf 92' lang='lat' dir='ltr'>in</span> <span class='ocrx_word' id='word_1_243' title='bbox 1224 2787 1342 2848; x_wconf 91' lang='lat' dir='ltr'>eodem</span> <span class='ocrx_word' id='word_1_244' title='bbox 1367 2807 1467 2868; x_wconf 88' lang='lat' dir='ltr'>regno</span> <span class='ocrx_word' id='word_1_245' title='bbox 1484 2787 1621 2867; x_wconf 91' lang='lat' dir='ltr'>suppul-</span> 
     </span>
     <span class='ocr_line' id='line_1_24' title="bbox 179 2879 1620 2972; baseline 0.005 -26"><span class='ocrx_word' id='word_1_246' title='bbox 179 2879 346 2965; x_wconf 82' lang='lat' dir='ltr'>lulaverint,</span> <span class='ocrx_word' id='word_1_247' title='bbox 377 2892 422 2952; x_wconf 90' lang='lat' dir='ltr'>ita</span> <span class='ocrx_word' id='word_1_248' title='bbox 451 2902 487 2952; x_wconf 90' lang='lat' dir='ltr'>ut</span> <span class='ocrx_word' id='word_1_249' title='bbox 522 2911 598 2970; x_wconf 89' lang='lat' dir='ltr'>pars</span> <span class='ocrx_word' id='word_1_250' title='bbox 632 2911 748 2953; x_wconf 90' lang='lat' dir='ltr'>eorum</span> <span class='ocrx_word' id='word_1_251' title='bbox 783 2891 968 2952; x_wconf 87' lang='lat' dir='ltr'>Romanum</span> <span class='ocrx_word' id='word_1_252' title='bbox 1007 2901 1164 2972; x_wconf 90' lang='lat' dir='ltr'>agnoscat</span> <span class='ocrx_word' id='word_1_253' title='bbox 1199 2892 1396 2970; x_wconf 87' lang='lat' dir='ltr'>pontificem,</span> <span class='ocrx_word' id='word_1_254' title='bbox 1433 2890 1484 2953; x_wconf 93' lang='lat' dir='ltr'>alii</span> <span class='ocrx_word' id='word_1_255' title='bbox 1524 2893 1620 2953; x_wconf 90' lang='lat' dir='ltr'>ritum</span> 
     </span>
     <span class='ocr_line' id='line_1_25' title="bbox 176 2988 1662 3076; baseline 0.004 -25"><span class='ocrx_word' id='word_1_256' title='bbox 176 2988 348 3061; x_wconf 79' lang='lat' dir='ltr'>primitivae</span> <span class='ocrx_word' id='word_1_257' title='bbox 372 2995 530 3057; x_wconf 89' lang='lat' dir='ltr'>ecclesiae</span> <span class='ocrx_word' id='word_1_258' title='bbox 555 2995 675 3070; x_wconf 87' lang='lat' dir='ltr'>malint,</span> <span class='ocrx_word' id='word_1_259' title='bbox 706 3016 766 3057; x_wconf 90' lang='lat' dir='ltr'>nec</span> <span class='ocrx_word' id='word_1_260' title='bbox 790 2995 905 3069; x_wconf 86' lang='lat' dir='ltr'>desint,</span> <span class='ocrx_word' id='word_1_261' title='bbox 935 2995 990 3074; x_wconf 92' lang='lat' dir='ltr'>qui</span> <span class='ocrx_word' id='word_1_262' title='bbox 1022 2995 1168 3075; x_wconf 89' lang='lat' dir='ltr'>utrisque</span> <span class='ocrx_word' id='word_1_263' title='bbox 1199 2995 1374 3058; x_wconf 89' lang='lat' dir='ltr'>reclament</span> <span class='ocrx_word' id='word_1_264' title='bbox 1402 3007 1433 3057; x_wconf 92' lang='lat' dir='ltr'>et</span> <span class='ocrx_word' id='word_1_265' title='bbox 1457 2997 1620 3076; x_wconf 88' lang='lat' dir='ltr'>peculiare</span> <span class='ocrx_word' id='word_1_266' title='bbox 1651 3055 1662 3073; x_wconf 73' lang='grc'><strong>,</strong></span> 
     </span>
     <span class='ocr_line' id='line_1_26' title="bbox 174 3098 1662 3180; baseline 0.011 -30"><span class='ocrx_word' id='word_1_267' title='bbox 174 3100 279 3161; x_wconf 88' lang='lat' dir='ltr'>nescio</span> <span class='ocrx_word' id='word_1_268' title='bbox 309 3099 389 3179; x_wconf 93' lang='lat' dir='ltr'>quid</span> <span class='ocrx_word' id='word_1_269' title='bbox 420 3098 669 3178; x_wconf 89' lang='lat' dir='ltr'>amplectantur,</span> <span class='ocrx_word' id='word_1_270' title='bbox 700 3120 785 3180; x_wconf 91' lang='lat' dir='ltr'>quos</span> <span class='ocrx_word' id='word_1_271' title='bbox 816 3099 913 3179; x_wconf 80' lang='lat' dir='ltr'>vulgo</span> <span class='ocrx_word' id='word_1_272' title='bbox 945 3118 1008 3159; x_wconf 89' lang='lat' dir='ltr'>ram</span> <span class='ocrx_word' id='word_1_273' title='bbox 1042 3098 1221 3179; x_wconf 88' lang='lat' dir='ltr'>Pighardos</span> <span class='ocrx_word' id='word_1_274' title='bbox 1248 3101 1404 3162; x_wconf 77' lang='lat' dir='ltr'>vocanti«</span> <span class='ocrx_word' id='word_1_275' title='bbox 1450 3100 1545 3162; x_wconf 80' lang='lat' dir='ltr'>»Non</span> <span class='ocrx_word' id='word_1_276' title='bbox 1569 3118 1662 3167; x_wconf 78' lang='lat' dir='ltr'>mers</span> 
     </span>
     <span class='ocr_line' id='line_1_27' title="bbox 173 3190 1621 3284; baseline 0.01 -33"><span class='ocrx_word' id='word_1_277' title='bbox 173 3190 273 3277; x_wconf 86' lang='lat' dir='ltr'>latet‚‹</span> <span class='ocrx_word' id='word_1_278' title='bbox 308 3204 419 3282; x_wconf 89' lang='lat' dir='ltr'>inquit,</span> <span class='ocrx_word' id='word_1_279' title='bbox 458 3223 548 3265; x_wconf 81' lang='lat' dir='ltr'>»esse</span> <span class='ocrx_word' id='word_1_280' title='bbox 579 3202 642 3264; x_wconf 92' lang='lat' dir='ltr'>illic</span> <span class='ocrx_word' id='word_1_281' title='bbox 674 3204 837 3284; x_wconf 88' lang='lat' dir='ltr'>quosdam</span> <span class='ocrx_word' id='word_1_282' title='bbox 870 3203 1020 3264; x_wconf 89' lang='lat' dir='ltr'>homines</span> <span class='ocrx_word' id='word_1_283' title='bbox 1051 3203 1280 3266; x_wconf 89' lang='lat' dir='ltr'>sacerdotibus</span> <span class='ocrx_word' id='word_1_284' title='bbox 1311 3202 1393 3282; x_wconf 92' lang='lat' dir='ltr'>plus,</span> <span class='ocrx_word' id='word_1_285' title='bbox 1428 3223 1526 3284; x_wconf 90' lang='lat' dir='ltr'>quam</span> <span class='ocrx_word' id='word_1_286' title='bbox 1557 3203 1621 3265; x_wconf 92' lang='lat' dir='ltr'>dici</span> 
     </span>
     <span class='ocr_line' id='line_1_28' title="bbox 170 3307 1621 3384; baseline -0.003 -11"><span class='ocrx_word' id='word_1_287' title='bbox 170 3311 288 3383; x_wconf 77' lang='lat' dir='ltr'>POtest,</span> <span class='ocrx_word' id='word_1_288' title='bbox 318 3308 469 3369; x_wconf 88' lang='lat' dir='ltr'>infensos.</span> <span class='ocrx_word' id='word_1_289' title='bbox 515 3307 599 3369; x_wconf 91' lang='lat' dir='ltr'>Tam</span> <span class='ocrx_word' id='word_1_290' title='bbox 632 3309 717 3369; x_wconf 91' lang='lat' dir='ltr'>enim</span> <span class='ocrx_word' id='word_1_291' title='bbox 749 3308 851 3384; x_wconf 89' lang='lat' dir='ltr'>abest,</span> <span class='ocrx_word' id='word_1_292' title='bbox 883 3316 918 3368; x_wconf 90' lang='lat' dir='ltr'>ut</span> <span class='ocrx_word' id='word_1_293' title='bbox 949 3316 1007 3367; x_wconf 87' lang='lat' dir='ltr'>aut</span> <span class='ocrx_word' id='word_1_294' title='bbox 1029 3317 1140 3368; x_wconf 90' lang='lat' dir='ltr'>ament</span> <span class='ocrx_word' id='word_1_295' title='bbox 1163 3307 1235 3369; x_wconf 91' lang='lat' dir='ltr'>illos</span> <span class='ocrx_word' id='word_1_296' title='bbox 1265 3318 1321 3368; x_wconf 85' lang='lat' dir='ltr'>aut</span> <span class='ocrx_word' id='word_1_297' title='bbox 1345 3317 1561 3384; x_wconf 87' lang='lat' dir='ltr'>revereantur,</span> <span class='ocrx_word' id='word_1_298' title='bbox 1585 3317 1621 3369; x_wconf 92' lang='lat' dir='ltr'>ut</span> 
     </span>
     <span class='ocr_line' id='line_1_29' title="bbox 168 3403 1619 3493; baseline 0.01 -33"><span class='ocrx_word' id='word_1_299' title='bbox 168 3403 266 3474; x_wconf 85' lang='lat' dir='ltr'>etiam</span> <span class='ocrx_word' id='word_1_300' title='bbox 288 3413 417 3474; x_wconf 86' lang='lat' dir='ltr'>oderint</span> <span class='ocrx_word' id='word_1_301' title='bbox 440 3431 478 3473; x_wconf 89' lang='lat' dir='ltr'>ac</span> <span class='ocrx_word' id='word_1_302' title='bbox 503 3411 686 3473; x_wconf 80' lang='lat' dir='ltr'>damnent«</span> <span class='ocrx_word' id='word_1_303' title='bbox 717 3412 812 3487; x_wconf 71' lang='lat' dir='ltr'>»itit«</span> <span class='ocrx_word' id='word_1_304' title='bbox 838 3412 972 3489; x_wconf 88' lang='lat' dir='ltr'>inquam</span> <span class='ocrx_word' id='word_1_305' title='bbox 995 3430 1066 3492; x_wconf 88' lang='lat' dir='ltr'>ego,</span> <span class='ocrx_word' id='word_1_306' title='bbox 1092 3421 1185 3473; x_wconf 78' lang='lat' dir='ltr'>»sunt</span> <span class='ocrx_word' id='word_1_307' title='bbox 1200 3413 1359 3492; x_wconf 89' lang='lat' dir='ltr'>ipsissimi,</span> <span class='ocrx_word' id='word_1_308' title='bbox 1382 3433 1481 3492; x_wconf 88' lang='lat' dir='ltr'>super</span> <span class='ocrx_word' id='word_1_309' title='bbox 1498 3412 1619 3493; x_wconf 90' lang='lat' dir='ltr'>quibus</span> 
     </span>
     <span class='ocr_line' id='line_1_30' title="bbox 167 3513 1620 3597; baseline 0.005 -25"><span class='ocrx_word' id='word_1_310' title='bbox 167 3513 190 3566; x_wconf 77' lang='lat' dir='ltr'>te</span> <span class='ocrx_word' id='word_1_311' title='bbox 209 3515 491 3597; x_wconf 89' lang='lat' dir='ltr'>compellandum</span> <span class='ocrx_word' id='word_1_312' title='bbox 515 3517 697 3578; x_wconf 90' lang='lat' dir='ltr'>statuimus.</span> <span class='ocrx_word' id='word_1_313' title='bbox 745 3516 833 3578; x_wconf 87' lang='lat' dir='ltr'>Ecce</span> <span class='ocrx_word' id='word_1_314' title='bbox 864 3517 950 3577; x_wconf 90' lang='lat' dir='ltr'>enim</span> <span class='ocrx_word' id='word_1_315' title='bbox 981 3517 1038 3578; x_wconf 91' lang='lat' dir='ltr'>tibi</span> <span class='ocrx_word' id='word_1_316' title='bbox 1062 3515 1206 3577; x_wconf 90' lang='lat' dir='ltr'>libellum</span> <span class='ocrx_word' id='word_1_317' title='bbox 1234 3515 1353 3596; x_wconf 88' lang='lat' dir='ltr'>placita</span> <span class='ocrx_word' id='word_1_318' title='bbox 1377 3536 1492 3578; x_wconf 86' lang='lat' dir='ltr'>eorum</span> <span class='ocrx_word' id='word_1_319' title='bbox 1516 3518 1620 3579; x_wconf 91' lang='lat' dir='ltr'>conti·</span> 
     </span>
     <span class='ocr_line' id='line_1_31' title="bbox 167 3619 1661 3702; baseline 0.007 -28"><span class='ocrx_word' id='word_1_320' title='bbox 167 3625 308 3697; x_wconf 81' lang='lat' dir='ltr'>nentem,</span> <span class='ocrx_word' id='word_1_321' title='bbox 340 3640 440 3702; x_wconf 89' lang='lat' dir='ltr'>quem</span> <span class='ocrx_word' id='word_1_322' title='bbox 464 3619 515 3696; x_wconf 94' lang='lat' dir='ltr'>illi,</span> <span class='ocrx_word' id='word_1_323' title='bbox 539 3621 594 3683; x_wconf 92' lang='lat' dir='ltr'>ubi</span> <span class='ocrx_word' id='word_1_324' title='bbox 619 3641 669 3682; x_wconf 92' lang='lat' dir='ltr'>res</span> <span class='ocrx_word' id='word_1_325' title='bbox 693 3640 817 3697; x_wconf 90' lang='lat' dir='ltr'>eorum,</span> <span class='ocrx_word' id='word_1_326' title='bbox 849 3621 940 3701; x_wconf 91' lang='lat' dir='ltr'>quod</span> <span class='ocrx_word' id='word_1_327' title='bbox 965 3621 1090 3697; x_wconf 91' lang='lat' dir='ltr'>dicitur,</span> <span class='ocrx_word' id='word_1_328' title='bbox 1121 3620 1163 3681; x_wconf 89' lang='lat' dir='ltr'>ad</span> <span class='ocrx_word' id='word_1_329' title='bbox 1187 3621 1314 3683; x_wconf 91' lang='lat' dir='ltr'>triarios</span> <span class='ocrx_word' id='word_1_330' title='bbox 1338 3621 1440 3697; x_wconf 87' lang='lat' dir='ltr'>rediit,</span> <span class='ocrx_word' id='word_1_331' title='bbox 1471 3622 1537 3702; x_wconf 89' lang='lat' dir='ltr'>regi</span> <span class='ocrx_word' id='word_1_332' title='bbox 1560 3622 1661 3685; x_wconf 82' lang='lat' dir='ltr'>ob-oo</span> 
     </span>
     <span class='ocr_line' id='line_1_32' title="bbox 165 3715 1622 3806; baseline 0.01 -33"><span class='ocrx_word' id='word_1_333' title='bbox 165 3715 310 3787; x_wconf 80' lang='lat' dir='ltr'>tulerunt</span> <span class='ocrx_word' id='word_1_334' title='bbox 334 3733 476 3801; x_wconf 87' lang='lat' dir='ltr'>orantes,</span> <span class='ocrx_word' id='word_1_335' title='bbox 500 3744 541 3785; x_wconf 87' lang='lat' dir='ltr'>ne</span> <span class='ocrx_word' id='word_1_336' title='bbox 564 3725 596 3787; x_wconf 92' lang='lat' dir='ltr'>in</span> <span class='ocrx_word' id='word_1_337' title='bbox 620 3746 655 3787; x_wconf 92' lang='lat' dir='ltr'>se</span> <span class='ocrx_word' id='word_1_338' title='bbox 679 3726 962 3802; x_wconf 91' lang='lat' dir='ltr'>animadverteret,</span> <span class='ocrx_word' id='word_1_339' title='bbox 987 3727 1135 3787; x_wconf 91' lang='lat' dir='ltr'>homines</span> <span class='ocrx_word' id='word_1_340' title='bbox 1159 3726 1323 3805; x_wconf 91' lang='lat' dir='ltr'>simplices</span> <span class='ocrx_word' id='word_1_341' title='bbox 1347 3725 1491 3806; x_wconf 91' lang='lat' dir='ltr'>nihilque</span> <span class='ocrx_word' id='word_1_342' title='bbox 1515 3746 1533 3786; x_wconf 90' lang='lat' dir='ltr'>a</span> <span class='ocrx_word' id='word_1_343' title='bbox 1557 3725 1622 3787; x_wconf 91' lang='lat' dir='ltr'>fide</span> 
     </span>
     <span class='ocr_line' id='line_1_33' title="bbox 168 3821 1622 3909; baseline 0.004 -24"><span class='ocrx_word' id='word_1_344' title='bbox 168 3821 330 3890; x_wconf 82' lang='lat' dir='ltr'>catholica</span> <span class='ocrx_word' id='word_1_345' title='bbox 353 3829 563 3909; x_wconf 83' lang='lat' dir='ltr'>peregrinum</span> <span class='ocrx_word' id='word_1_346' title='bbox 586 3829 733 3891; x_wconf 88' lang='lat' dir='ltr'>foventes</span> <span class='ocrx_word' id='word_1_347' title='bbox 756 3850 794 3890; x_wconf 92' lang='lat' dir='ltr'>ac</span> <span class='ocrx_word' id='word_1_348' title='bbox 818 3829 989 3909; x_wconf 88' lang='lat' dir='ltr'>sapientes.</span> <span class='ocrx_word' id='word_1_349' title='bbox 1036 3828 1135 3891; x_wconf 92' lang='lat' dir='ltr'>Hunc</span> <span class='ocrx_word' id='word_1_350' title='bbox 1163 3828 1308 3890; x_wconf 90' lang='lat' dir='ltr'>libellum</span> <span class='ocrx_word' id='word_1_351' title='bbox 1339 3828 1415 3891; x_wconf 86' lang='lat' dir='ltr'>fidei</span> <span class='ocrx_word' id='word_1_352' title='bbox 1444 3849 1523 3891; x_wconf 86' lang='lat' dir='ltr'>suae</span> <span class='ocrx_word' id='word_1_353' title='bbox 1546 3850 1622 3909; x_wconf 87' lang='lat' dir='ltr'>pro·</span> 
     </span>
     <span class='ocr_line' id='line_1_34' title="bbox 169 3917 1621 4013; baseline 0.006 -25"><span class='ocrx_word' id='word_1_354' title='bbox 169 3917 345 3994; x_wconf 82' lang='lat' dir='ltr'>lessionem</span> <span class='ocrx_word' id='word_1_355' title='bbox 368 3931 541 4012; x_wconf 87' lang='lat' dir='ltr'>appellant,</span> <span class='ocrx_word' id='word_1_356' title='bbox 569 3952 668 4013; x_wconf 89' lang='lat' dir='ltr'>quem</span> <span class='ocrx_word' id='word_1_357' title='bbox 699 3934 797 3995; x_wconf 89' lang='lat' dir='ltr'>etiam</span> <span class='ocrx_word' id='word_1_358' title='bbox 820 3933 1000 3996; x_wconf 87' lang='lat' dir='ltr'>Bononiam</span> <span class='ocrx_word' id='word_1_359' title='bbox 1024 3933 1189 3996; x_wconf 77' lang='lat' dir='ltr'>transferri</span> <span class='ocrx_word' id='word_1_360' title='bbox 1217 3944 1476 4013; x_wconf 87' lang='lat' dir='ltr'>procuraverunt</span> <span class='ocrx_word' id='word_1_361' title='bbox 1500 3954 1537 3994; x_wconf 89' lang='lat' dir='ltr'>ea</span> <span class='ocrx_word' id='word_1_362' title='bbox 1562 3955 1621 4013; x_wconf 93' lang='lat' dir='ltr'>po-</span> 
     </span>
     <span class='ocr_line' id='line_1_35' title="bbox 170 4024 1623 4121; baseline 0.013 -40"><span class='ocrx_word' id='word_1_363' title='bbox 170 4024 332 4098; x_wconf 89' lang='lat' dir='ltr'>tissimum</span> <span class='ocrx_word' id='word_1_364' title='bbox 363 4036 405 4096; x_wconf 91' lang='lat' dir='ltr'>de</span> <span class='ocrx_word' id='word_1_365' title='bbox 429 4056 553 4111; x_wconf 87' lang='lat' dir='ltr'>caussa,</span> <span class='ocrx_word' id='word_1_366' title='bbox 586 4047 621 4098; x_wconf 92' lang='lat' dir='ltr'>ut</span> <span class='ocrx_word' id='word_1_367' title='bbox 653 4057 792 4098; x_wconf 86' lang='lat' dir='ltr'>examen</span> <span class='ocrx_word' id='word_1_368' title='bbox 823 4058 861 4099; x_wconf 92' lang='lat' dir='ltr'>ac</span> <span class='ocrx_word' id='word_1_369' title='bbox 893 4057 1064 4100; x_wconf 87' lang='lat' dir='ltr'>censuram</span> <span class='ocrx_word' id='word_1_370' title='bbox 1097 4036 1277 4099; x_wconf 90' lang='lat' dir='ltr'>doctissimi</span> <span class='ocrx_word' id='word_1_371' title='bbox 1307 4037 1442 4098; x_wconf 90' lang='lat' dir='ltr'>alicuius</span> <span class='ocrx_word' id='word_1_372' title='bbox 1477 4036 1623 4121; x_wconf 91' lang='lat' dir='ltr'>theologi</span> 
     </span>
     <span class='ocr_line' id='line_1_36' title="bbox 174 4131 1662 4223; baseline 0.001 -23"><span class='ocrx_word' id='word_1_373' title='bbox 174 4131 300 4218; x_wconf 67' lang='lat' dir='ltr'>subeat,</span> <span class='ocrx_word' id='word_1_374' title='bbox 324 4141 379 4221; x_wconf 94' lang='lat' dir='ltr'>qui</span> <span class='ocrx_word' id='word_1_375' title='bbox 402 4141 569 4202; x_wconf 89' lang='lat' dir='ltr'>erroribus</span> <span class='ocrx_word' id='word_1_376' title='bbox 591 4141 623 4202; x_wconf 93' lang='lat' dir='ltr'>in</span> <span class='ocrx_word' id='word_1_377' title='bbox 647 4162 687 4202; x_wconf 91' lang='lat' dir='ltr'>eo</span> <span class='ocrx_word' id='word_1_378' title='bbox 711 4144 872 4204; x_wconf 90' lang='lat' dir='ltr'>contentis</span> <span class='ocrx_word' id='word_1_379' title='bbox 901 4153 1008 4203; x_wconf 87' lang='lat' dir='ltr'>atrum</span> <span class='ocrx_word' id='word_1_380' title='bbox 1037 4142 1190 4204; x_wconf 88' lang='lat' dir='ltr'>adhibeat</span> <span class='ocrx_word' id='word_1_381' title='bbox 1214 4141 1366 4222; x_wconf 88' lang='lat' dir='ltr'>lapillum.</span> <span class='ocrx_word' id='word_1_382' title='bbox 1412 4141 1456 4205; x_wconf 88' lang='lat' dir='ltr'>Se</span> <span class='ocrx_word' id='word_1_383' title='bbox 1479 4159 1662 4223; x_wconf 76' lang='lat' dir='ltr'>namqueas</span> 
     </span>
     <span class='ocr_line' id='line_1_37' title="bbox 173 4230 1621 4328; baseline 0.003 -26"><span class='ocrx_word' id='word_1_384' title='bbox 173 4230 198 4292; x_wconf 71' lang='lat' dir='ltr'>ld</span> <span class='ocrx_word' id='word_1_385' title='bbox 223 4260 304 4306; x_wconf 88' lang='lat' dir='ltr'>cnm</span> <span class='ocrx_word' id='word_1_386' title='bbox 328 4246 442 4326; x_wconf 92' lang='lat' dir='ltr'>primis</span> <span class='ocrx_word' id='word_1_387' title='bbox 465 4257 581 4324; x_wconf 89' lang='lat' dir='ltr'>optare</span> <span class='ocrx_word' id='word_1_388' title='bbox 604 4248 701 4323; x_wconf 91' lang='lat' dir='ltr'>aiunt,</span> <span class='ocrx_word' id='word_1_389' title='bbox 725 4249 750 4309; x_wconf 93' lang='lat' dir='ltr'>si</span> <span class='ocrx_word' id='word_1_390' title='bbox 774 4268 841 4328; x_wconf 90' lang='lat' dir='ltr'>quo</span> <span class='ocrx_word' id='word_1_391' title='bbox 866 4258 964 4327; x_wconf 87' lang='lat' dir='ltr'>pacto</span> <span class='ocrx_word' id='word_1_392' title='bbox 987 4246 1029 4307; x_wconf 87' lang='lat' dir='ltr'>ab</span> <span class='ocrx_word' id='word_1_393' title='bbox 1054 4247 1227 4309; x_wconf 87' lang='lat' dir='ltr'>haereseos</span> <span class='ocrx_word' id='word_1_394' title='bbox 1252 4246 1411 4308; x_wconf 89' lang='lat' dir='ltr'>calumnia</span> <span class='ocrx_word' id='word_1_395' title='bbox 1434 4267 1493 4326; x_wconf 90' lang='lat' dir='ltr'>per</span> <span class='ocrx_word' id='word_1_396' title='bbox 1509 4266 1585 4308; x_wconf 90' lang='lat' dir='ltr'>eum</span> <span class='ocrx_word' id='word_1_397' title='bbox 1597 4245 1621 4326; x_wconf 88' lang='lat'>⁴)</span> 
     </span>
     <span class='ocr_line' id='line_1_38' title="bbox 171 4336 1623 4430; baseline 0.001 -20"><span class='ocrx_word' id='word_1_398' title='bbox 171 4336 326 4412; x_wconf 76' lang='lat' dir='ltr'>vindicari</span> <span class='ocrx_word' id='word_1_399' title='bbox 348 4351 484 4430; x_wconf 92' lang='lat' dir='ltr'>possint,</span> <span class='ocrx_word' id='word_1_400' title='bbox 508 4352 600 4411; x_wconf 83' lang='lat' dir='ltr'>iuxta</span> <span class='ocrx_word' id='word_1_401' title='bbox 623 4352 726 4429; x_wconf 87' lang='lat' dir='ltr'>parati</span> <span class='ocrx_word' id='word_1_402' title='bbox 750 4351 799 4412; x_wconf 93' lang='lat' dir='ltr'>vel</span> <span class='ocrx_word' id='word_1_403' title='bbox 824 4350 1002 4412; x_wconf 79' lang='lat' dir='ltr'>defendere</span> <span class='ocrx_word' id='word_1_404' title='bbox 1025 4350 1195 4411; x_wconf 88' lang='lat' dir='ltr'>veritatem</span> <span class='ocrx_word' id='word_1_405' title='bbox 1219 4349 1268 4411; x_wconf 91' lang='lat' dir='ltr'>vel</span> <span class='ocrx_word' id='word_1_406' title='bbox 1293 4360 1444 4413; x_wconf 85' lang='lat' dir='ltr'>ostensos</span> <span class='ocrx_word' id='word_1_407' title='bbox 1467 4370 1623 4413; x_wconf 88' lang='lat' dir='ltr'>revocare</span> 
     </span>
     <span class='ocr_line' id='line_1_39' title="bbox 171 4453 1623 4536; baseline 0.005 -26"><span class='ocrx_word' id='word_1_408' title='bbox 171 4455 308 4517; x_wconf 79' lang='lat' dir='ltr'>errores.</span> <span class='ocrx_word' id='word_1_409' title='bbox 347 4454 434 4516; x_wconf 90' lang='lat' dir='ltr'>Eum</span> <span class='ocrx_word' id='word_1_410' title='bbox 458 4474 535 4516; x_wconf 90' lang='lat' dir='ltr'>vero</span> <span class='ocrx_word' id='word_1_411' title='bbox 559 4454 705 4516; x_wconf 89' lang='lat' dir='ltr'>libellum</span> <span class='ocrx_word' id='word_1_412' title='bbox 738 4475 800 4516; x_wconf 90' lang='lat' dir='ltr'>nos</span> <span class='ocrx_word' id='word_1_413' title='bbox 831 4454 873 4515; x_wconf 87' lang='lat' dir='ltr'>ad</span> <span class='ocrx_word' id='word_1_414' title='bbox 901 4464 933 4515; x_wconf 90' lang='lat' dir='ltr'>te</span> <span class='ocrx_word' id='word_1_415' title='bbox 957 4461 1072 4532; x_wconf 90' lang='lat' dir='ltr'>utpote</span> <span class='ocrx_word' id='word_1_416' title='bbox 1103 4454 1135 4513; x_wconf 93' lang='lat' dir='ltr'>in</span> <span class='ocrx_word' id='word_1_417' title='bbox 1157 4453 1323 4536; x_wconf 89' lang='lat' dir='ltr'>theologia</span> <span class='ocrx_word' id='word_1_418' title='bbox 1346 4454 1623 4517; x_wconf 87' lang='lat' dir='ltr'>consultissimum</span> 
     </span>
     <span class='ocr_line' id='line_1_40' title="bbox 168 4545 1623 4639; baseline 0.003 -24"><span class='ocrx_word' id='word_1_419' title='bbox 168 4545 347 4622; x_wconf 69' lang='lat' dir='ltr'>adferimus</span> <span class='ocrx_word' id='word_1_420' title='bbox 371 4578 582 4639; x_wconf 88' lang='lat' dir='ltr'>oramusque,</span> <span class='ocrx_word' id='word_1_421' title='bbox 607 4578 726 4620; x_wconf 89' lang='lat' dir='ltr'>munus</span> <span class='ocrx_word' id='word_1_422' title='bbox 750 4559 828 4620; x_wconf 91' lang='lat' dir='ltr'>illud</span> <span class='ocrx_word' id='word_1_423' title='bbox 853 4578 919 4619; x_wconf 92' lang='lat' dir='ltr'>non</span> <span class='ocrx_word' id='word_1_424' title='bbox 943 4559 1114 4631; x_wconf 70' lang='lat' dir='ltr'>detractes</span> <span class='ocrx_word' id='word_1_425' title='bbox 1137 4559 1214 4637; x_wconf 92' lang='lat' dir='ltr'>quin</span> <span class='ocrx_word' id='word_1_426' title='bbox 1239 4559 1356 4637; x_wconf 89' lang='lat' dir='ltr'>potius,</span> <span class='ocrx_word' id='word_1_427' title='bbox 1388 4578 1472 4639; x_wconf 89' lang='lat' dir='ltr'>quae</span> <span class='ocrx_word' id='word_1_428' title='bbox 1494 4568 1550 4619; x_wconf 92' lang='lat' dir='ltr'>tua</span> <span class='ocrx_word' id='word_1_429' title='bbox 1574 4567 1623 4620; x_wconf 86' lang='lat' dir='ltr'>est</span> 
     </span>
     <span class='ocr_line' id='line_1_41' title="bbox 168 4653 1664 4743; baseline -0.003 -20"><span class='ocrx_word' id='word_1_430' title='bbox 168 4653 201 4706; x_wconf 66' lang='lat' dir='ltr'>el</span> <span class='ocrx_word' id='word_1_431' title='bbox 226 4656 424 4724; x_wconf 83' lang='lat' dir='ltr'>incredibilis</span> <span class='ocrx_word' id='word_1_432' title='bbox 447 4661 610 4743; x_wconf 88' lang='lat' dir='ltr'>diligentia</span> <span class='ocrx_word' id='word_1_433' title='bbox 633 4673 665 4723; x_wconf 92' lang='lat' dir='ltr'>et</span> <span class='ocrx_word' id='word_1_434' title='bbox 688 4663 828 4723; x_wconf 87' lang='lat' dir='ltr'>eruditio</span> <span class='ocrx_word' id='word_1_435' title='bbox 852 4661 1030 4743; x_wconf 87' lang='lat' dir='ltr'>singularis,</span> <span class='ocrx_word' id='word_1_436' title='bbox 1054 4661 1209 4722; x_wconf 88' lang='lat' dir='ltr'>discutias</span> <span class='ocrx_word' id='word_1_437' title='bbox 1233 4682 1270 4722; x_wconf 93' lang='lat' dir='ltr'>ac</span> <span class='ocrx_word' id='word_1_438' title='bbox 1296 4664 1483 4741; x_wconf 87' lang='lat' dir='ltr'>perpendas</span> <span class='ocrx_word' id='word_1_439' title='bbox 1500 4677 1664 4738; x_wconf 76' lang='lat' dir='ltr'>omnes,co</span> 
     </span>
     <span class='ocr_line' id='line_1_42' title="bbox 166 4761 1621 4846; baseline 0.001 -22"><span class='ocrx_word' id='word_1_440' title='bbox 166 4761 335 4846; x_wconf 76' lang='lat' dir='ltr'>quotquot</span> <span class='ocrx_word' id='word_1_441' title='bbox 366 4766 410 4826; x_wconf 86' lang='lat' dir='ltr'>tbi</span> <span class='ocrx_word' id='word_1_442' title='bbox 440 4765 633 4840; x_wconf 88' lang='lat' dir='ltr'>delituerint,</span> <span class='ocrx_word' id='word_1_443' title='bbox 664 4786 801 4842; x_wconf 90' lang='lat' dir='ltr'>errores,</span> <span class='ocrx_word' id='word_1_444' title='bbox 836 4765 1025 4827; x_wconf 83' lang='lat' dir='ltr'>redditurus</span> <span class='ocrx_word' id='word_1_445' title='bbox 1056 4784 1116 4826; x_wconf 91' lang='lat' dir='ltr'>nos</span> <span class='ocrx_word' id='word_1_446' title='bbox 1152 4765 1316 4840; x_wconf 89' lang='lat' dir='ltr'>certiores,</span> <span class='ocrx_word' id='word_1_447' title='bbox 1352 4786 1451 4846; x_wconf 89' lang='lat' dir='ltr'>quam</span> <span class='ocrx_word' id='word_1_448' title='bbox 1479 4769 1621 4846; x_wconf 91' lang='lat' dir='ltr'>primum</span> 
     </span>
    </p>
   </div>
   <div class='ocr_carea' id='block_1_4' title="bbox 164 4842 1622 4999">
    <p class='ocr_par' dir='ltr' id='par_1_4' title="bbox 164 4842 1622 4999">
     <span class='ocr_line' id='line_1_43' title="bbox 164 4842 1622 4950; baseline 0.002 -22"><span class='ocrx_word' id='word_1_449' title='bbox 164 4842 321 4932; x_wconf 70' lang='lat' dir='ltr'>licuerit«</span> <span class='ocrx_word' id='word_1_450' title='bbox 348 4869 396 4930; x_wconf 85' lang='lat' dir='ltr'>lbi</span> <span class='ocrx_word' id='word_1_451' title='bbox 420 4869 486 4929; x_wconf 80' lang='lat' dir='ltr'>ne:</span> <span class='ocrx_word' id='word_1_452' title='bbox 515 4869 604 4930; x_wconf 66' lang='lat' dir='ltr'>‚Etsi</span> <span class='ocrx_word' id='word_1_453' title='bbox 622 4889 763 4946; x_wconf 52' lang='lat' dir='ltr'>omnes„</span> <span class='ocrx_word' id='word_1_454' title='bbox 783 4871 893 4950; x_wconf 83' lang='lat' dir='ltr'>inquit,</span> <span class='ocrx_word' id='word_1_455' title='bbox 914 4869 1198 4942; x_wconf 68' lang='lat' dir='ltr'>»consultationes</span> <span class='ocrx_word' id='word_1_456' title='bbox 1221 4889 1305 4950; x_wconf 77' lang='lat' dir='ltr'>quae</span> <span class='ocrx_word' id='word_1_457' title='bbox 1322 4870 1396 4931; x_wconf 78' lang='lat' dir='ltr'>fioet</span> <span class='ocrx_word' id='word_1_458' title='bbox 1412 4880 1496 4945; x_wconf 78' lang='lat' dir='ltr'>sunt,</span> <span class='ocrx_word' id='word_1_459' title='bbox 1519 4871 1622 4931; x_wconf 68' lang='lat' dir='ltr'>virum</span> 
     </span>
     <span class='ocr_line' id='line_1_44' title="bbox 166 4964 380 4999; baseline 0.005 -1"><span class='ocrx_word' id='word_1_460' title='bbox 166 4964 380 4999; x_wconf 28' lang='lat' dir='ltr'>k...</span> 
     </span>
    </p>
   </div>
   <div class='ocr_carea' id='block_1_5' title="bbox 138 5025 641 5365">
    <p class='ocr_par' dir='ltr' id='par_1_5' title="bbox 261 5025 586 5107">
     <span class='ocr_line' id='line_1_45' title="bbox 261 5025 586 5107; baseline 0 -16"><span class='ocrx_word' id='word_1_461' title='bbox 261 5041 279 5107; x_wconf 81' lang='grc'>1)</span> <span class='ocrx_word' id='word_1_462' title='bbox 299 5025 330 5091; x_wconf 82' lang='lat' dir='ltr'>it.</span> <span class='ocrx_word' id='word_1_463' title='bbox 348 5038 477 5106; x_wconf 71' lang='lat' dir='ltr'>ptioavo:</span> <span class='ocrx_word' id='word_1_464' title='bbox 497 5039 586 5092; x_wconf 78' lang='lat' dir='ltr'>facus.</span> 
     </span>
    </p>

    <p class='ocr_par' dir='ltr' id='par_1_6' title="bbox 138 5125 641 5365">
     <span class='ocr_line' id='line_1_46' title="bbox 260 5125 626 5194; baseline 0 -16"><span class='ocrx_word' id='word_1_465' title='bbox 260 5127 280 5194; x_wconf 80' lang='lat'>²)</span> <span class='ocrx_word' id='word_1_466' title='bbox 298 5127 348 5189; x_wconf 89' lang='lat' dir='ltr'>sic,</span> <span class='ocrx_word' id='word_1_467' title='bbox 367 5125 435 5178; x_wconf 84' lang='lat' dir='ltr'>snad</span> <span class='ocrx_word' id='word_1_468' title='bbox 455 5126 626 5193; x_wconf 86' lang='lat' dir='ltr'>profitentur.</span> 
     </span>
     <span class='ocr_line' id='line_1_47' title="bbox 261 5200 641 5281; baseline -0.003 -16"><span class='ocrx_word' id='word_1_469' title='bbox 261 5211 280 5281; x_wconf 80' lang='lat'>³)</span> <span class='ocrx_word' id='word_1_470' title='bbox 298 5200 328 5265; x_wconf 78' lang='lat' dir='ltr'>ll.</span> <span class='ocrx_word' id='word_1_471' title='bbox 348 5212 474 5280; x_wconf 74' lang='lat' dir='ltr'>plidfrva:</span> <span class='ocrx_word' id='word_1_472' title='bbox 495 5212 641 5280; x_wconf 83' lang='lat' dir='ltr'>praefatus.</span> 
     </span>
     <span class='ocr_line' id='line_1_48' title="bbox 138 5287 439 5365; baseline -0.013 -12"><span class='ocrx_word' id='word_1_473' title='bbox 138 5320 150 5341; x_wconf 62' lang='lat'>⁸</span> <span class='ocrx_word' id='word_1_474' title='bbox 260 5298 280 5365; x_wconf 88' lang='lat'>⁴)</span> <span class='ocrx_word' id='word_1_475' title='bbox 297 5287 327 5353; x_wconf 79' lang='lat' dir='ltr'>l&#39;l.</span> <span class='ocrx_word' id='word_1_476' title='bbox 348 5301 439 5352; x_wconf 61' lang='lat' dir='ltr'>nemi.</span> 
     </span>
    </p>
   </div>
   <div class='ocr_carea' id='block_1_6' title="bbox 0 0 1842 5858">
    <p class='ocr_par' dir='ltr' id='par_1_7' title="bbox 0 0 1842 5858">
     <span class='ocr_line' id='line_1_49' title="bbox 0 0 1842 5858; baseline 0 5"><span class='ocrx_word' id='word_1_477' title='bbox 0 0 1842 5858; x_wconf 95' lang='lat' dir='ltr'> </span> 
     </span>
    </p>
   </div>
  </div>
 </body>
</html>
