3674 5858
287 408 320 458 la
752 410 846 464 Racek
864 410 992 465 Mitultsi
1012 412 1165 466 Deukemu
1194 411 1267 466 1501.

284 621 465 701 adductus,
489 622 596 684 habeo
620 624 706 685 enim
729 625 836 703 ipsum
860 626 892 686 in
915 625 1061 688 discendi
1093 626 1240 688 oratione
1250 630 1273 708 ¹)
1298 627 1512 706 praecipuum
1535 628 1738 710 magistrum.

285 723 405 789 Scribit
428 745 464 789 se
486 725 560 806 plus
583 727 778 808 cognovisse
800 728 1002 808 experiendo
1027 748 1126 810 quam
1149 730 1317 805 discendo,
1347 738 1380 792 et
1402 730 1462 792 nisi
1485 750 1520 793 se
1543 731 1585 793 ad
1609 733 1739 793 exerci-

285 831 425 893 tationes
448 830 620 906 retulisset,
643 839 713 893 tota
735 829 872 894 facultas
895 833 1051 895 orationis
1074 834 1176 913 ipsius
1198 835 1397 911 exaruisset;
1420 835 1474 915 qui
1497 844 1619 916 quanta
1640 834 1740 898 luerit

285 935 453 1016 praeditus
476 935 671 1016 eloquentia,
694 955 792 998 nemo
815 946 872 1012 est,
896 937 951 1017 qui
967 938 1098 999 nesciat.
1123 937 1336 1018 Quapropter
1359 957 1433 999 cum
1457 938 1488 999 in
1512 959 1550 1000 ea
1572 949 1641 1002 arte
1665 939 1739 1021 plu·

257 1041 403 1105 srimum
437 1040 629 1102 exercitatio
660 1049 692 1101 et
722 1040 896 1102 assiduitas
929 1041 1036 1103 valere
1066 1042 1224 1116 videatur,
1257 1042 1288 1103 in
1318 1042 1466 1122 epistolis
1496 1042 1739 1122 componendis

284 1143 477 1206 exercitium
505 1143 612 1205 iacere
635 1143 765 1206 institui.
800 1144 888 1206 Dum
914 1144 1079 1207 Bononiae
1108 1146 1221 1207 litteris
1252 1166 1389 1225 operam
1420 1148 1662 1227 impendebam,
1692 1146 1738 1208 ad

284 1269 342 1309 eos
365 1246 521 1327 epistolas
537 1246 666 1323 dabam,
690 1250 744 1328 qui
767 1248 976 1311 humanitatis
999 1258 1032 1311 et
1054 1249 1259 1330 eloquentiae
1280 1249 1407 1313 fuerant
1429 1251 1669 1326 studiosissimi,
1692 1270 1739 1312 ex

284 1372 426 1433 quorum
442 1371 580 1415 numero
596 1372 730 1433 quoque
752 1363 787 1414 tu
811 1372 883 1414 esse
899 1353 976 1413 mihi
992 1352 1118 1428 videris,
1141 1355 1295 1435 quoniam
1320 1365 1351 1415 et
1367 1355 1515 1417 moribus
1537 1365 1570 1416 et
1585 1354 1738 1417 doctrina

284 1458 368 1518 bene
391 1466 526 1519 ornatus
549 1475 592 1518 es
616 1456 775 1519 Plurimas
799 1457 955 1535 epistolas
978 1457 1102 1536 scripsi,
1124 1467 1194 1519 tum
1218 1477 1294 1520 cum
1318 1457 1485 1520 Bononiae
1508 1457 1641 1533 sueram,
1664 1467 1737 1520 tum

246 1562 382 1622 roetiam
405 1579 481 1622 cum
504 1561 630 1622 Romae
652 1561 750 1621 vitam
772 1561 928 1641 agebam;
959 1559 1019 1621 hae
1042 1572 1126 1634 sunt,
1158 1581 1240 1641 quas
1262 1560 1305 1622 ad
1329 1561 1625 1641 praestantissimos
1648 1562 1738 1623 viros

284 1664 422 1745 Joanem
456 1663 784 1745 Werterbergensem
818 1674 850 1725 et
884 1661 1125 1726 Christolorum
1161 1664 1354 1727 Weitmiller
1387 1665 1511 1746 scripsi,
1545 1668 1601 1746 qui
1634 1665 1737 1727 ambo

285 1769 451 1831 Bononiae
474 1769 516 1830 ad
540 1769 662 1830 litteras
684 1767 926 1851 diligentissime
949 1769 1178 1845 incumbunt.²)
1219 1766 1341 1849 Scripsi
1364 1770 1462 1831 etiam
1496 1768 1671 1849 plerasque
1692 1768 1738 1830 ad

285 1872 500 1935 clarissimum
530 1873 635 1935 virum
658 1870 860 1934 Bouslauum
885 1871 1120 1949 Hasistensem,
1151 1874 1206 1954 qui
1229 1883 1342 1936 nostra
1365 1883 1472 1936 aetate
1501 1869 1552 1936 est
1573 1874 1681 1956 graeci
1704 1885 1739 1934 et

285 1977 373 2039 latini
403 1973 565 2040 sermonis
595 1975 815 2039 doctissimus.
850 1973 973 2057 Scripsi
1004 1976 1046 2038 ad
1077 1976 1272 2054 Pannonios,
1302 1976 1488 2040 Almannos
1518 1987 1550 2040 et
1582 1976 1739 2053 Polonos,

246 2097 374 2163 raquas,
402 2083 428 2145 si
452 2081 529 2143 mihi
558 2081 719 2162 temporis
750 2081 969 2144 commoditas
992 2081 1104 2159 aderit,
1134 2082 1166 2144 in
1190 2101 1291 2144 unum
1322 2081 1520 2161 opusculum
1550 2101 1739 2163 congeram.

287 2183 533 2267 Saepenumero
556 2186 634 2247 mihi
650 2185 682 2247 in
705 2195 815 2247 mente
831 2184 1023 2248 versabatur
1046 2186 1168 2248 multos
1184 2187 1334 2262 existere,
1358 2187 1422 2267 qui,
1445 2186 1505 2248 etsi
1528 2187 1560 2248 in
1583 2203 1740 2248 sermone

286 2289 431 2352 lamiliari
446 2300 479 2351 et
495 2288 715 2352 collocutione
732 2290 794 2352 sint
811 2289 1075 2371 eloquentissimi,
1098 2300 1207 2351 tamen
1226 2288 1383 2369 epistolas
1397 2290 1559 2353 nescirent
1583 2289 1740 2352 scribere.

286 2394 381 2473 Quos
404 2393 553 2474 prolecto
577 2393 650 2456 illae
672 2394 762 2474 ipsae
786 2414 904 2456 causae
926 2395 958 2455 in
981 2414 1126 2456 errorem
1157 2394 1364 2474 potissimum
1387 2393 1555 2457 adducere
1577 2393 1741 2468 videntur,

285 2499 440 2579 quoniam
470 2498 582 2560 infiniti
608 2508 692 2570 sunt,
723 2499 777 2579 qui
808 2507 912 2560 artem
943 2498 1250 2578 componendarum
1280 2497 1493 2578 epistolarum
1523 2497 1741 2572 tradiderunt,

244 2616 427 2683 eoquorum
451 2602 540 2665 nulla
563 2612 612 2664 est
635 2602 751 2664 eadem
774 2604 953 2665 auctoritas
976 2611 1077 2683 atque
1099 2603 1268 2665 sententia.
1296 2602 1394 2664 Pauci
1417 2621 1493 2664 vero
1517 2611 1601 2675 sunt,
1622 2612 1659 2663 ut
1681 2621 1738 2662 ve-

285 2727 357 2768 rum
373 2708 565 2787 exprimam,
588 2707 642 2787 qui
666 2717 723 2768 aut
746 2707 856 2768 debite
875 2715 932 2769 aut
955 2717 1044 2769 recte
1059 2707 1136 2770 satis
1160 2715 1337 2786 praecepta
1361 2707 1393 2768 in
1417 2726 1454 2767 ea
1471 2715 1540 2768 arte
1562 2705 1740 2781 tradidere,

285 2830 360 2872 cum
384 2828 501 2890 parum
525 2810 567 2873 de
589 2810 774 2873 inventione
797 2820 829 2872 et
845 2829 962 2890 parum
985 2809 1035 2872 vel
1058 2810 1135 2872 nihil
1159 2811 1201 2872 de
1221 2809 1407 2873 elocutione
1430 2811 1639 2890 scripserunt.
1663 2809 1741 2872 Hos

285 2915 365 2976 dum
389 2914 482 2995 sequi
505 2924 673 2990 conantur,
696 2914 727 2975 in
744 2934 873 2976 errores
896 2914 1050 2977 labuntur
1073 2915 1162 2977 haud
1185 2935 1313 2996 parvos.
1336 2911 1421 2977 Sunt
1441 2914 1582 2995 quidam,
1605 2914 1660 2995 qui
1683 2933 1740 2976 me

285 3019 405 3099 quibus
425 3026 577 3097 poterant
601 3019 754 3097 precibus
771 3019 986 3080 obsecrarunt
1010 3017 1099 3097 (licet
1121 3019 1207 3080 enim
1230 3019 1308 3081 mihi
1331 3018 1421 3099 apud
1444 3027 1477 3079 te
1492 3017 1630 3099 gloriari,
1653 3037 1740 3098 quo·

245 3124 370 3184 aoniam
394 3121 473 3183 mihi
494 3141 530 3183 es
546 3122 689 3183 maxime
711 3122 835 3185 amicus
859 3132 891 3184 et
914 3120 1100 3202 familiaris),
1123 3132 1158 3185 ut
1176 3122 1208 3183 in
1231 3123 1377 3202 epistolis
1397 3121 1636 3201 componendis
1659 3122 1741 3201 ipsis

285 3236 482 3307 praeceptor
497 3236 531 3288 et
545 3226 676 3289 adiutor
700 3246 816 3302 essem,
840 3235 880 3302 et,
903 3227 929 3288 si
953 3246 1037 3307 quae
1057 3227 1183 3300 scirem,
1206 3235 1382 3307 praecepta
1401 3224 1562 3288 tradenda
1578 3244 1741 3300 curarem,

285 3330 317 3391 id
341 3329 432 3410 quod
463 3348 516 3391 me
538 3327 644 3391 iacere
675 3331 797 3412 negavi,
828 3331 983 3412 quoniam
1014 3331 1092 3393 mihi
1123 3341 1155 3392 et
1177 3341 1267 3393 aetas
1298 3342 1330 3393 et
1354 3330 1516 3412 ingenium
1547 3329 1589 3391 ad
1612 3338 1740 3391 tantam

284 3435 484 3515 provinciam
507 3433 748 3514 suscipiendam
774 3434 880 3497 deluit.
916 3431 1112 3515 Complures
1135 3455 1208 3496 esse
1231 3434 1308 3511 dixi,
1340 3435 1394 3515 qui
1418 3453 1470 3495 me
1493 3442 1608 3509 aetate,
1632 3432 1739 3514 digni·

284 3548 359 3612 tate,
389 3538 517 3619 ingenio
541 3548 573 3600 et
597 3538 748 3599 doctrina
770 3539 980 3613 anteiverunt,
1012 3539 1067 3618 qui
1091 3538 1226 3601 meliora
1250 3549 1282 3600 et
1305 3538 1433 3600 utiliora
1459 3538 1537 3599 artis
1560 3549 1741 3618 praecepta

245 3657 271 3698 ao
284 3641 449 3704 tradidere
479 3652 511 3703 et
535 3641 694 3703 eruditius
722 3643 995 3723 conscripserunt,
1026 3662 1125 3723 quam
1150 3663 1212 3724 ego
1244 3661 1297 3704 me
1319 3642 1426 3704 lacere
1456 3661 1556 3720 posse
1586 3641 1739 3703 arbitror.

286 3746 346 3808 His
375 3746 555 3808 rationibus
586 3746 641 3807 vix
671 3747 803 3826 ipsosa
832 3767 884 3808 me
908 3747 1045 3826 reppuli,
1075 3756 1106 3808 et
1138 3756 1174 3808 ut
1201 3747 1243 3808 ab
1274 3767 1312 3808 ea
1339 3756 1499 3809 sententia
1527 3743 1740 3822 declinarent,

284 3849 420 3922 adduxi,
447 3858 478 3910 et
510 3849 572 3909 isto
603 3849 746 3909 maxime
778 3851 962 3927 proverbi0,
993 3850 1084 3931 quod
1116 3851 1274 3929 scriptum
1304 3869 1377 3911 esse
1407 3849 1438 3911 in
1469 3848 1558 3910 libris
1588 3858 1739 3911 veterum

285 3953 416 4014 memini
456 3952 644 4034 ›Remigem
682 3953 772 4032 prius
810 3973 883 4016 esse
920 3955 1041 4017 debere
1080 3974 1178 4036 quam
1216 3955 1258 4016 ad
1296 3951 1519 4036 gubernacula
1557 3953 1739 4015 admovere

285 4077 431 4118 manus«.
467 4056 560 4118 Haec
583 4057 624 4118 ad
649 4065 681 4116 te
704 4057 828 4135 scripsi,
851 4058 1005 4138 quoniam
1029 4068 1062 4119 te
1085 4059 1164 4120 meis
1188 4057 1301 4119 litteris
1324 4056 1463 4119 multum
1488 4056 1642 4119 delectari
1666 4059 1739 4119 exi-

246 4163 393 4224 assumo.
428 4159 521 4220 Vale.

374 4403 392 4467 ¹)
411 4400 466 4462 Sic,
484 4400 526 4451 ale
545 4398 582 4450 cti
600 4399 714 4452 ratione.

373 4522 392 4587 ²)
411 4522 495 4573 Podle
513 4522 571 4573 teto
591 4521 744 4590 nesprivne
762 4520 884 4574 stilisace
904 4522 997 4574 moblo
1014 4521 1051 4591 by
1070 4539 1100 4574 se
1118 4521 1200 4582 zddti¹
1219 4521 1250 4574 le
1269 4521 1314 4574 list
1332 4522 1410 4589 pseu,
1430 4522 1500 4591 kdyi
1510 4521 1582 4590 jestc
1601 4522 1655 4575 oba
1675 4522 1738 4576 nasi

285 4608 381 4676 preldti
401 4626 418 4658 v
437 4607 555 4659 Bononii
574 4608 718 4660 sturlovali.
738 4608 788 4660 Ale
807 4614 885 4660 tomu
904 4606 1034 4675 odporuje
1053 4608 1149 4660 vrchni
1169 4608 1250 4661 uddni
1266 4608 1404 4670 Raclrovo,
1424 4608 1455 4660 ie
1474 4608 1538 4678 listy
1557 4608 1643 4661 knim
1665 4610 1742 4676 psal,

286 4694 356 4763 lrdyi
372 4694 443 4761 jeste
463 4695 522 4747 sitm
541 4713 558 4747 v
578 4693 695 4746 Bononii
715 4711 731 4747 a
750 4711 766 4745 v
787 4682 865 4748 l'llme
884 4694 938 4762 byl,
958 4695 1048 4747 odkud
1067 4703 1145 4762 teprv
1164 4713 1199 4762 po
1215 4694 1300 4762 jejich
1320 4695 1449 4747 odchodu
1469 4694 1529 4747 sim
1548 4695 1652 4747 odelei.
1674 4696 1739 4748 List

285 4782 390 4848 napsaln
410 4780 455 4849 byl
474 4780 571 4848 zajiste
589 4781 656 4851 brzy
674 4798 709 4849 po
729 4782 842 4833 narratu
862 4782 991 4834 Rackove
1010 4799 1024 4833 z
1044 4782 1129 4843 ltalie,
1147 4781 1289 4849 ponevadi
1310 4799 1325 4832 v
1344 4784 1408 4833 nEm
1428 4781 1527 4834 aulrtor
1544 4781 1647 4849 sepsati
1668 4781 1739 4834 stili·

285 4867 357 4920 stilru
373 4867 445 4934 jeste
464 4885 493 4919 se
514 4869 638 4936 osty'cltir,
657 4885 673 4919 a
692 4876 719 4921 ta
739 4870 816 4935 vysla
832 4868 869 4934 jil
889 4885 923 4921 na
942 4867 1015 4921 zimu
1034 4885 1053 4921 r.
1075 4869 1150 4922 1501.
