3674 5858
213 389 246 443 10
641 388 688 444 XI.
707 389 800 444 Racel
817 391 886 460 Janu
905 406 921 443 z
939 388 1141 444 Wartenberlra
1160 388 1234 442 1499.

211 602 290 665 mihi
312 611 444 682 tempus
467 621 534 665 non
564 600 770 682 suppeditat;
801 601 921 681 qulbus
946 599 1006 662 tibi
1035 600 1279 688 imperpetuum
1310 599 1450 683 obligor,
1478 620 1602 682 meque
1624 599 1667 663 de

209 707 259 769 his
281 716 411 788 gratum
434 705 595 785 praebere
619 713 652 767 et
674 704 826 785 spondeo
849 713 882 766 et
904 702 1072 784 polliceor.
1107 701 1196 765 Nihil
1218 704 1304 766 enim
1329 704 1436 768 minus
1453 705 1502 768 ad
1525 704 1669 768 hominis

209 811 441 891 praestantiam
465 810 628 890 pertinere
651 807 781 871 videtur
804 826 903 889 quam
928 807 1164 871 beneficiorum
1186 827 1260 871 esse
1283 809 1521 872 immemorem.
1548 807 1612 871 Est
1633 809 1667 870 id

210 915 349 977 hominis
372 914 496 996 ingrati,
519 933 538 974 a
562 932 629 994 quo
653 912 786 994 quidem
810 912 886 974 vitio
909 931 962 974 me
978 930 1109 993 semper
1132 912 1274 975 alienum
1295 912 1441 992 praebui.
1464 909 1567 992 Quod
1591 931 1611 973 a
1633 920 1667 974 te

181 1018 251 1084 sad
268 1016 451 1081 Antonium
474 1017 585 1080 literas
606 1035 672 1080 non
695 1017 819 1097 accepi,
840 1025 874 1079 te
897 1016 1048 1092 obsecro,
1071 1034 1112 1077 ne
1132 1034 1240 1078 meam
1263 1017 1513 1080 excusationem
1536 1016 1667 1093 reicias;

209 1132 257 1183 est
281 1121 312 1183 id
337 1120 504 1185 celeritate
527 1139 678 1183 meorum
701 1122 869 1195 comitum,
899 1139 966 1183 non
989 1138 1062 1182 mea
1086 1118 1184 1199 culpa
1207 1119 1430 1196 commissum,
1460 1120 1516 1202 qui
1537 1140 1581 1183 eo
1604 1119 1666 1194 die,

209 1245 277 1307 quo
301 1225 444 1299 discessi,
468 1223 637 1288 Bononiae
660 1225 782 1289 diutius
806 1225 926 1287 morari
949 1244 1015 1288 non
1037 1233 1200 1304 poterant.
1235 1221 1281 1287 Ut
1304 1224 1447 1287 Romam
1468 1226 1553 1302 veni,
1575 1232 1666 1286 tanta

209 1330 320 1393 subito
343 1349 416 1392 sum
439 1329 637 1392 amoenitate
659 1330 750 1393 urbis
773 1338 899 1410 captus,
929 1338 966 1392 ut
988 1346 1055 1391 non
1078 1327 1220 1391 Romam
1242 1326 1302 1390 sed
1325 1327 1464 1406 patriam
1486 1347 1561 1391 esse
1583 1327 1667 1391 iudi·

209 1435 359 1497 caverim.
394 1431 559 1513 Quocirca
588 1432 665 1496 nihil
690 1432 806 1495 melius
832 1432 962 1495 efficere
986 1442 1090 1512 potes,
1121 1448 1221 1510 quam
1244 1430 1329 1492 sicut
1356 1430 1528 1508 instituisti,
1557 1432 1585 1495 si
1608 1451 1668 1512 per

170 1537 425 1605 incommodum
447 1546 541 1599 tuum
558 1537 627 1600 fieri
651 1538 804 1617 potuerit,
828 1536 918 1600 haud
941 1544 1134 1599 cunctanter
1156 1535 1217 1597 iter
1239 1534 1282 1596 ad
1302 1532 1430 1598 Urbem
1453 1534 1603 1618 dirigere.
1628 1535 1666 1598 ld

210 1642 237 1703 si
260 1639 383 1718 leceris,
412 1641 503 1723 quod
527 1652 560 1704 te
583 1640 747 1704 [acturum
769 1660 843 1704 esse
865 1660 931 1702 non
955 1639 1082 1716 dubito,
1113 1640 1159 1702 tul
1183 1650 1216 1701 te
1238 1638 1364 1701 consilii
1395 1639 1527 1702 minime
1551 1641 1665 1720 poeni·

209 1746 300 1808 tebit.
338 1743 460 1824 Vale.¹)

909 2020 961 2082 Xl.

573 2159 719 2233 Racek
741 2159 895 2253 Janovi
922 2183 945 2233 z
974 2158 1297 2233 Wartenberka.

295 2349 333 2418 (v
353 2329 438 2404 illm&
456 2349 545 2404 1499
567 2380 598 2390 -
618 2364 635 2404 ν
654 2349 749 2418 pros.)
770 2347 928 2416 Osvddduje
947 2350 1073 2402 votenou
1094 2348 1165 2416 mysl
1185 2367 1200 2400 a
1219 2347 1322 2416 zprdvu
1341 2348 1412 2401 diva
1431 2366 1448 2401 o
1467 2349 1574 2417 polrusu
1595 2351 1666 2403 otni-

211 2435 275 2489 venl
293 2436 396 2505 papele
415 2436 583 2490 amalonem.
602 2434 683 2503 (List.
703 2434 751 2489 list
779 2435 830 2488 tls.
849 2436 895 2495 V.)

298 2665 482 2729 Rodericus
514 2666 691 2729 Dubravus
720 2664 836 2748 Joanni
861 2665 1141 2747 Verterbergensi,
1171 2668 1362 2747 praeposito
1394 2664 1559 2750 Pragensi,
1588 2687 1614 2730 s.
1637 2666 1669 2730 d.

211 2771 309 2834 Nulla
338 2771 416 2833 mihi
447 2771 586 2834 inlicitur
619 2770 790 2847 dubitatio,
821 2771 867 2832 vir
895 2769 1082 2854 clarissime,
1112 2771 1198 2852 quin,
1229 2771 1255 2832 si
1280 2769 1387 2833 nullas
1413 2771 1455 2834 ad
1486 2781 1520 2833 te
1551 2772 1670 2834 darem

172 2891 196 2932 rs
210 2875 341 2950 litteras,
370 2894 423 2936 me
446 2874 656 2936 humanitatis
678 2883 851 2954 expertem
882 2874 1024 2936 existere
1047 2893 1231 2954 eorumque
1263 2873 1507 2952 beneficiorum,
1538 2894 1669 2956 quaea

208 2988 242 3040 te
264 2977 477 3058 accepissem,
507 2979 734 3040 immemorem
765 2998 838 3040 esse
869 2978 1005 3042 diceres.
1039 2977 1089 3040 Ea
1112 2997 1242 3058 semper
1266 2976 1310 3040 lui
1333 2980 1502 3054 sententia,
1534 2989 1581 3055 ut,
1611 2980 1670 3061 qui

209 3081 362 3145 benivolo
386 3082 417 3144 in
441 3102 494 3143 me
517 3092 627 3145 essent
649 3083 769 3158 animo,
799 3101 858 3144 eos
880 3102 1001 3158 amare,
1024 3080 1142 3157 colere,
1164 3083 1310 3144 venerari
1334 3092 1367 3144 et
1390 3083 1604 3146 benemeritis
1626 3083 1670 3146 de

210 3206 262 3248 me
285 3206 416 3266 semper
439 3195 570 3268 gratum
593 3187 753 3266 praebere
777 3180 861 3268 (sic).
895 3185 969 3248 Tua
992 3187 1077 3248 enim
1100 3184 1271 3268 singularis
1304 3186 1406 3249 virtus
1428 3196 1529 3268 atque
1553 3187 1670 3250 huma·

209 3291 292 3352 nitas
322 3289 523 3370 expostulat,
553 3299 588 3351 ut
617 3298 650 3352 te
683 3308 813 3353 summo
845 3289 971 3354 honore
1002 3289 1223 3370 complectar3
1255 3290 1345 3371 quod
1373 3291 1400 3353 si
1430 3310 1527 3354 secus
1559 3292 1670 3354 lacere

169 3422 196 3462 ω
207 3394 393 3471 arbitrarer,
424 3412 541 3476 magna
568 3394 760 3458 temeritatis
790 3403 868 3457 nota
891 3394 970 3456 mihi
992 3394 1165 3457 subeunda
1195 3403 1290 3458 esset.
1325 3392 1401 3457 Non
1423 3404 1457 3457 te
1479 3395 1590 3478 fugiat,
1621 3397 1670 3458 vir

208 3498 495 3579 praestantissime,
529 3496 714 3573 nonnullos,
752 3497 808 3579 qui
839 3497 965 3560 Romae
998 3497 1107 3573 armis,
1141 3497 1270 3577 opibus,
1304 3499 1452 3578 potentia
1487 3498 1669 3580 plurimum

209 3613 357 3683 possunt,
380 3602 423 3665 de
446 3601 603 3683 pontifice
625 3604 773 3664 maximo
796 3620 922 3664 veneno
949 3600 1097 3664 tollendo
1121 3602 1293 3664 consilium
1316 3602 1460 3681 inivisse;
1490 3603 1534 3666 ad
1558 3604 1669 3683 ipsum

208 3706 335 3788 legatos
358 3725 435 3768 cum
459 3705 581 3781 litteris,
604 3706 743 3786 quaein
767 3714 860 3785 parte
882 3705 1026 3767 interiori
1050 3705 1233 3785 pulvisculo
1256 3725 1412 3786 aspersae
1434 3706 1573 3782 fuerant,
1597 3708 1671 3769 mit·

206 3810 327 3873 tendos
350 3819 514 3887 curarunt,
538 3810 590 3871 cui
604 3828 767 3872 venenum
790 3810 929 3872 inditum
945 3819 1024 3883 erat,
1047 3830 1146 3890 quem
1163 3812 1189 3873 si
1205 3810 1354 3891 pontilex
1378 3812 1545 3875 maximus
1568 3831 1668 3875 mann

167 3939 196 3981 aa
209 3914 379 3994 deponere
401 3911 506 3988 vellet,
529 3920 565 3974 ut
581 3931 707 3974 veneno
727 3912 966 3976 absumeretur.
990 3913 1107 3976 Divino
1131 3924 1241 3976 autem
1258 3913 1370 3979 alflatu
1394 3925 1495 3995 atque
1510 3915 1669 3980 instinctu

209 4017 400 4095 coniuratio,
430 4017 512 4079 dum
534 4015 616 4078 alter
644 4016 776 4079 alterius
807 4017 883 4080 fidei
913 4017 1049 4093 accedit
1081 4017 1243 4098 patefacta
1265 4029 1332 4097 est;
1362 4027 1435 4082 tum
1458 4019 1556 4102 legati
1578 4021 1670 4100 capti

207 4132 307 4203 atque
329 4140 460 4184 carcere
476 4120 578 4183 clausi
594 4129 755 4183 tenentur.
779 4117 886 4184 Ceteri
908 4122 938 4182 in
962 4121 1085 4202 oppida
1103 4122 1297 4184 Ursinorum
1321 4141 1357 4183 se
1380 4121 1603 4199 contulerunt,
1627 4123 1669 4186 ad

208 4245 294 4306 quos
325 4224 419 4287 multi
447 4234 479 4286 et
503 4222 641 4287 Ursinae
672 4234 704 4286 et
727 4222 995 4288 Columnensium
1026 4224 1152 4288 factiosi
1183 4226 1333 4289 homines
1363 4226 1481 4290 armati
1506 4247 1553 4290 ex
1575 4226 1671 4291 Urbe

209 4329 471 4408 proficiscuntur.
505 4328 603 4393 Nunc
626 4328 681 4409 qui
705 4329 788 4391 intra
814 4327 937 4392 Urbem
967 4339 1053 4406 sunt,
1082 4340 1235 4392 verentur
1263 4350 1388 4406 omnes,
1418 4350 1460 4394 ne
1483 4331 1517 4394 hi
1539 4331 1666 4413 aliquid

168 4434 283 4500 sorrovi
308 4442 424 4495 contra
440 4431 565 4495 Urbem
582 4432 767 4496 moliantur.
791 4433 968 4496 Timebant
990 4433 1085 4509 enim,
1107 4433 1218 4496 eiectis
1235 4434 1387 4496 omnibus
1410 4435 1498 4497 circa
1520 4435 1672 4514 tyrannis

208 4556 249 4598 ne
272 4537 331 4616 ipsi
349 4555 482 4617 quoque
504 4537 639 4598 sedibus
663 4537 729 4598 suis
752 4537 1019 4599 exturbarentur.
1043 4536 1119 4599 Non
1136 4536 1264 4615 desunt,
1288 4540 1342 4619 qui
1367 4539 1479 4601 dicant
1501 4540 1671 4621 principes

208 4640 444 4704 coniurationis
459 4640 491 4704 in
506 4637 661 4703 Savoiam
677 4660 750 4704 esse
766 4639 991 4722 profecturos,
1005 4641 1166 4702 incertum
1183 4640 1332 4703 diversae
1348 4642 1523 4722 opiniones
1538 4642 1672 4709 laciunt.

209 4744 330 4822 Vale.²)

211 4883 419 4893 ——-——-—-

296 4951 318 5020 ¹)
335 4950 398 5003 List
421 4950 518 5019 patrnk
543 4949 669 5018 napsany
694 4948 760 5018 brzy
785 4965 820 5016 po
838 4948 975 5017 pllchodu
1000 4950 1130 5002 Raclrovl
1154 4950 1190 5003 do
1211 4937 1300 5014 lllma,
1321 4951 1401 5020 ktery'
1421 4950 1486 5005 udal
1505 4969 1538 5006 se
1555 4970 1576 5005 v
1596 4953 1673 5008 listo-

208 5038 281 5106 padu
301 5036 378 5091 1499.

296 5142 318 5211 ²)
336 5142 398 5197 Lisr
416 5143 484 5210 psam
503 5159 540 5195 na
558 5141 676 5194 sklonku
694 5158 715 5193 r.
736 5140 804 5193 1499
822 5158 857 5208 po
876 5141 917 5193 94.
938 5142 1000 5204 list„
1020 5141 1074 5211 kdy
1094 5141 1228 5195 dekovacl
1248 5142 1346 5213 sluiby
1365 5140 1428 5196 boll
1446 5159 1480 5197 za
1498 5144 1673 5200 zachrfinenl

210 5229 311 5298 papele
330 5247 347 5281 v
366 5216 446 5282 l'lime
467 5228 625 5297 odby'vlny.
