3674 5858
207 385 241 439 rs
657 389 708 456 Jan
727 372 840 441 snos
862 387 942 441 mezi
961 386 1114 455 omrejovr
1133 387 1209 441 1518.

205 601 295 661 iuxta
325 610 457 662 naturae
486 618 565 661 suae
596 602 829 677 praescriptum
859 598 1004 661 ordinem
1032 603 1181 677 viventes,
1204 612 1365 679 superant.
1404 600 1548 679 Indeque
1572 599 1616 674 tit,
1641 602 1668 661 si

206 722 304 783 quem
327 703 509 784 profectum
532 705 563 765 in
587 702 680 783 plebe
703 702 922 782 praedicando
945 714 976 765 et
993 703 1143 766 docendo
1166 702 1295 778 iaciunt,
1319 705 1429 766 omnia
1451 702 1531 765 haec
1555 723 1669 766 exem·

206 809 267 890 plis
290 809 372 871 vitae
403 808 548 887 perditae
575 817 720 869 evertunt
743 816 778 869 et
799 806 1008 887 pessundant,
1035 810 1066 869 in
1100 807 1198 870 talem
1229 827 1287 870 eos
1317 809 1401 870 vitae
1423 806 1589 870 tramitem
1606 808 1668 870 du·

206 924 324 985 centes,
349 930 405 993 per
429 912 558 993 qualem
589 912 647 992 ipsi
671 911 820 974 incedere
849 922 1094 975 consueverunt.
1140 911 1191 974 Nil
1214 931 1250 975 se
1272 911 1427 991 praedicti
1449 913 1535 975 cives
1559 913 1667 974 mirari

178 1015 367 1093 edicebant,
396 1018 422 1077 si
454 1015 595 1096 populus
617 1018 723 1077 omnis
753 1034 809 1097 per
838 1017 949 1078 omnia
978 1017 1127 1078 vitiorum
1151 1027 1184 1077 et
1206 1015 1364 1079 scelerum
1388 1018 1574 1096 praecipitia
1596 1036 1668 1099 gra·

206 1120 299 1194 ditur,
329 1138 431 1199 quum
461 1119 542 1181 haec
571 1121 681 1182 omnia
710 1139 753 1182 ex
783 1120 961 1183 rectoribus
991 1122 1056 1182 suis
1085 1119 1306 1182 ecclesiasticis
1328 1131 1360 1183 et
1383 1121 1528 1184 moribus
1551 1140 1668 1184 eorum

206 1223 365 1298 didicerit;
395 1242 501 1303 neque
531 1222 563 1284 id
593 1225 688 1285 etiam
720 1224 920 1286 admirationi
944 1243 1022 1301 esse,
1054 1224 1142 1304 quod
1165 1223 1304 1286 nefanda
1326 1223 1561 1308 Pighardorum
1592 1226 1668 1287 hae·

207 1330 284 1391 resis
299 1330 420 1389 maiora
443 1327 544 1389 indies
567 1330 762 1391 incrementa
784 1330 900 1408 capiat,
922 1347 1023 1409 quum
1045 1349 1065 1390 a
1087 1327 1202 1393 Christi
1225 1338 1258 1390 et
1272 1328 1498 1408 apostolorum
1519 1329 1669 1392 traditio

207 1433 301 1495 nibus
330 1443 469 1494 rectores
500 1433 560 1512 ipsi
592 1443 659 1493 tam
689 1431 785 1515 longe
816 1435 1012 1510 recesserint,
1044 1452 1143 1514 quam
1174 1432 1270 1516 longe
1297 1434 1449 1496 tenebrae
1472 1453 1492 1496 a
1513 1433 1588 1497 luce
1611 1445 1669 1496 aut

170 1550 227 1598 1⁰a
259 1539 349 1619 nigro
372 1536 482 1599 album
506 1535 612 1600 distet.
636 1534 764 1615 Quibus
785 1538 831 1598 sic
852 1537 1018 1618 explicatis
1041 1548 1073 1598 et
1096 1539 1173 1600 satis
1196 1536 1343 1617 ampliter
1364 1536 1532 1600 declaratis
1555 1541 1669 1600 omnia

207 1661 278 1724 ego,
299 1659 383 1721 quae
405 1650 622 1714 narravemnt,
645 1659 720 1701 vera
742 1650 774 1702 et
796 1640 866 1702 luce
889 1659 961 1703 esse
983 1641 1120 1704 clariora
1142 1642 1210 1704 dixi
1226 1642 1423 1726 subiungens
1437 1641 1533 1705 aliam
1551 1643 1668 1705 horum

206 1763 337 1808 causam
361 1764 426 1807 non
449 1763 530 1820 esse,
553 1763 652 1824 quam
676 1743 764 1824 quod
787 1755 854 1806 tam
877 1744 962 1808 mala
985 1757 1017 1808 et
1040 1746 1190 1809 morbida
1213 1747 1362 1809 membra
1385 1750 1491 1827 capite
1513 1766 1577 1810 suo
1600 1750 1667 1827 spi·

206 1849 308 1913 rituali
338 1849 401 1911 hoc
431 1859 480 1911 est
510 1849 754 1930 archiepiscopo
785 1847 931 1912 fraudata
953 1860 1037 1925 sunt,
1069 1853 1123 1931 qui
1153 1850 1310 1913 eiusmodi
1341 1852 1475 1914 morbos
1504 1861 1537 1913 et
1567 1854 1668 1914 noxia

207 1957 280 2016 vitia
313 1955 502 2016 auctoritate
535 1973 594 2016 sua
627 1951 715 2016 haud
748 1953 837 2015 aliter
871 1972 969 2034 quam
1004 1954 1147 2033 pmdens
1181 1954 1327 2017 medicus
1360 1954 1507 2018 adhibito
1545 1955 1668 2018 idoneo

170 2072 196 2114 rr
209 2059 349 2120 larnraco
380 2058 506 2120 tolleret
536 2066 568 2119 et
598 2057 808 2119 incolumitati
839 2059 990 2137 pristinae
1020 2059 1199 2121 restitueret
1229 2058 1482 2140 provideretque,
1517 2070 1553 2123 ut
1584 2063 1668 2123 iuni·

208 2182 280 2224 ores
298 2162 488 2238 senioribus,
509 2163 646 2242 imperiti
668 2160 874 2236 doctioribus,
898 2160 1043 2223 dissoluti
1066 2163 1278 2225 sanctioribus
1301 2162 1463 2239 cederent,
1485 2164 1602 2245 hisque
1625 2184 1669 2226 ex

209 2266 320 2329 debito
342 2264 437 2328 officii
461 2267 510 2327 sui
533 2265 803 2344 obtemperarent,
826 2283 886 2327 nec
908 2275 944 2327 ut
966 2284 1010 2327 ex
1032 2265 1162 2329 arbitrio
1184 2286 1244 2329 suo
1274 2264 1326 2350 (ut
1346 2287 1432 2330 nunc
1455 2266 1504 2346 fit)
1526 2270 1669 2331 viverent

207 2390 246 2433 ac
278 2368 428 2432 ecclesias
463 2369 524 2431 sibi
558 2367 723 2451 regendas,
762 2387 843 2449 quas
876 2369 1003 2448 vellent,
1037 2372 1224 2450 acciperent.
1258 2369 1376 2452 Neque
1410 2373 1496 2434 enim
1529 2390 1667 2456 regnum

208 2476 333 2554 absque
362 2493 439 2557 rege
466 2475 525 2536 rite
547 2475 750 2556 gubernatur,
781 2490 842 2534 nec
872 2476 1033 2536 exercitus
1063 2475 1187 2555 absque
1215 2476 1307 2539 ducis
1329 2478 1511 2556 praesentia
1533 2495 1668 2539 securus

168 2591 196 2636 sn
209 2597 280 2642 esse
303 2589 419 2659 potest,
440 2596 506 2640 non
530 2575 649 2640 domus
671 2577 796 2657 absque
819 2576 1052 2655 patrefamilias,
1076 2598 1135 2640 nec
1157 2597 1237 2661 grex
1252 2591 1384 2659 pastore
1406 2600 1518 2645 carens
1541 2581 1667 2662 absque

211 2682 352 2763 periculo
383 2683 457 2744 erit:
487 2682 532 2744 sic
562 2678 664 2743 clerus
687 2682 812 2759 absque
844 2681 1005 2761 pontificis
1036 2684 1085 2744 sui
1114 2683 1346 2764 gubernatione
1376 2684 1485 2748 multis
1519 2686 1667 2765 periculis

208 2790 293 2851 vitae
314 2805 381 2849 non
404 2795 529 2848 tantum
552 2785 645 2846 huius
668 2785 845 2865 praesentis
867 2784 926 2846 sed
942 2796 974 2846 et
991 2785 1116 2847 iuturae
1139 2789 1310 2866 expositus
1332 2790 1401 2852 erit.
1423 2787 1476 2850 Ex
1498 2808 1566 2870 quo
1590 2809 1668 2873 ergo

209 2891 292 2955 ordo
328 2874 380 2953 ille
409 2891 551 2970 principe
580 2908 641 2951 suo
672 2889 889 2951 ecclesiastico
920 2888 1009 2968 apud
1039 2908 1100 2951 nos
1130 2892 1273 2970 privatus
1295 2903 1354 2968 est,
1386 2893 1464 2973 quid
1495 2905 1667 2974 tantopere

210 2997 313 3058 mirari
343 2994 510 3069 debemus,
540 2995 565 3056 si
598 3005 663 3056 tarn
697 3003 906 3073 praepostere
935 2994 1058 3056 clerum
1084 2996 1191 3057 vivere
1213 3014 1273 3059 nec
1296 2999 1428 3060 virtutes
1458 3006 1516 3059 aut
1538 3017 1667 3061 morum

169 3101 411 3163 sshonestatem
434 3117 545 3161 curare
567 3097 722 3172 videmus,
744 3116 846 3177 quum
862 3099 1033 3178 unicuique
1058 3097 1115 3174 hic,
1138 3100 1217 3162 sicut
1241 3098 1327 3175 libet,
1349 3103 1393 3163 ita
1408 3111 1440 3163 et
1457 3099 1528 3163 licet
1543 3101 1669 3164 rivere?

209 3203 289 3267 Esse
310 3216 421 3266 tamen
443 3212 476 3263 et
498 3219 584 3263 nunc
606 3199 780 3264 nonnullos
802 3200 987 3264 sacerdotes
1009 3201 1174 3280 affirmavi,
1196 3204 1269 3267 licet
1292 3215 1399 3267 aetate
1420 3207 1562 3280 iuvenes,
1585 3209 1668 3269 vitae

209 3321 319 3373 tamen
342 3319 374 3370 et
398 3324 527 3369 morum
550 3307 731 3369 sinceritate
761 3308 869 3368 multis
899 3307 1079 3369 senioribus
1109 3308 1308 3388 aequandos.
1354 3308 1454 3372 Recte
1476 3329 1529 3372 me
1553 3310 1615 3373 hac
1637 3312 1668 3372 in

210 3425 302 3494 parte
331 3411 540 3476 Gurimenses
569 3412 671 3473 nostri
701 3413 818 3473 sentire
848 3422 879 3472 et
903 3430 976 3473 vera
999 3411 1105 3474 dicere
1128 3415 1235 3475 testati
1257 3425 1341 3488 suut,
1368 3425 1400 3476 te
1422 3432 1557 3494 quoque
1579 3414 1669 3495 apud

210 3538 268 3581 eos
290 3529 321 3580 et
344 3518 506 3579 seniorem
537 3525 638 3589 tuum,
668 3514 730 3577 hoc
753 3527 802 3577 est
825 3514 994 3589 decanum,
1020 3534 1106 3578 nunc
1127 3515 1255 3598 degere,
1287 3519 1342 3597 qui
1365 3519 1512 3599 quamvis
1533 3537 1602 3580 non
1625 3520 1670 3581 sis

171 3620 342 3684 madultae
363 3621 486 3693 aetatis,
510 3619 655 3681 moribus
677 3629 787 3681 tamen
809 3617 906 3680 laude
929 3617 1034 3702 dignis
1056 3623 1187 3703 egregie
1210 3621 1381 3699 praeditus,
1404 3623 1527 3702 quique
1551 3633 1586 3684 ut
1602 3641 1671 3686 me-

211 3727 271 3788 lius
293 3735 325 3787 et
348 3723 477 3786 liberius
506 3723 706 3785 orationibus
736 3732 769 3784 et
791 3723 1054 3801 contemplationi
1084 3743 1188 3787 rerum
1212 3724 1392 3787 divinarum
1413 3744 1529 3788 vacare
1552 3730 1670 3807 possis,

210 3832 308 3892 vitam
331 3829 545 3890 monasticam
568 3836 600 3889 et
622 3826 798 3888 solitariam
814 3827 934 3910 elegisti
959 3837 991 3889 et
1014 3829 1045 3889 in
1069 3847 1180 3890 eremo
1202 3829 1307 3890 vivere
1329 3828 1498 3891 decrevisti
1521 3840 1553 3892 et
1578 3832 1670 3911 quod

211 3933 262 3996 hic
283 3951 385 4016 agens
407 3944 494 3994 certa
518 3934 582 3994 iam
605 3929 814 3994 fundamenta
835 3933 919 3993 vitae
949 3930 1043 3995 huius
1066 3932 1173 4008 iecisti,
1196 3951 1297 4013 quum
1320 3933 1431 3995 mollia
1452 3944 1561 4009 strata,
1584 3955 1671 4017 quae

211 4036 347 4100 delicata
368 4055 505 4116 corpora
527 4054 637 4097 amare
659 4036 772 4110 solent,
796 4036 920 4118 refugis,
943 4045 975 4097 et
997 4035 1078 4098 dura
1100 4035 1203 4097 humo
1225 4035 1333 4116 lapide
1355 4046 1482 4099 tantum
1504 4040 1672 4103 cervicalis

171 4153 199 4197 ss
212 4141 287 4203 loco
314 4141 410 4219 capiti
440 4142 612 4219 supposito
642 4139 685 4200 ad
713 4157 866 4200 somnum
898 4139 1095 4218 captandum
1124 4159 1249 4220 corpus
1270 4141 1427 4220 prolicere
1456 4141 1565 4204 soleas
1588 4141 1670 4227 (sic),

211 4244 325 4308 crebra
355 4245 461 4323 ipsum
490 4245 681 4306 ieiuniorum
712 4245 929 4305 maceratione
959 4254 1151 4318 extenuans,
1182 4263 1243 4306 nec
1264 4244 1328 4307 hoc
1350 4244 1393 4307 ad
1416 4249 1672 4310 ostentationem

211 4349 339 4411 inanem
355 4360 410 4410 aut
426 4346 592 4427 quandam
607 4347 763 4409 fallaciam
780 4346 906 4422 iaciens,
928 4347 987 4410 sed
1003 4368 1044 4410 ne
1056 4347 1080 4430 ¹)
1096 4350 1240 4411 animum
1255 4349 1361 4429 ipsum
1377 4349 1568 4413 lautioribus
1591 4352 1673 4414 cibis

211 4465 377 4516 assuetum
400 4473 420 4514 a
442 4471 518 4514 cura
540 4462 572 4513 et
595 4451 870 4531 contemplatione
900 4471 1006 4514 rerum
1036 4453 1214 4515 divinarum
1246 4453 1341 4516 simul
1367 4464 1401 4516 et
1422 4452 1601 4536 vigiliarum
1625 4459 1672 4518 in-

211 4560 328 4619 stantia
351 4556 554 4637 devotaeque
577 4557 732 4619 orationis
748 4554 911 4639 diligentia
927 4557 1088 4619 retrahere
1103 4556 1217 4618 valeat.
1241 4554 1368 4635 Quibus
1391 4576 1453 4640 ego
1468 4556 1589 4622 auditis
1605 4579 1672 4623 non

172 4673 200 4716 to
212 4662 301 4742 potui
314 4678 381 4722 non
396 4658 526 4722 laudare
541 4670 573 4721 et
589 4660 725 4738 probare
742 4671 808 4721 tam
825 4670 970 4721 sanctum
987 4661 1167 4723 institutum
1182 4670 1214 4722 et
1230 4662 1432 4741 propositum
1448 4672 1551 4735 tuum,
1568 4682 1672 4743 quum

213 4783 281 4826 rem
296 4774 363 4826 tarn
379 4765 466 4843 piam
478 4773 510 4826 et
521 4761 682 4824 salubrem
695 4766 785 4843 sequi
797 4766 996 4826 constituisti.
1011 4761 1097 4843 Quid
1109 4766 1194 4826 enim
1206 4774 1254 4827 est
1269 4765 1357 4828 aliud
1373 4765 1540 4828 illecebras
1557 4769 1673 4830 mundi

212 4868 306 4930 huius
321 4880 353 4930 et
369 4870 471 4930 camis
486 4867 643 4930 desideria
659 4867 767 4950 fugere
782 4888 820 4930 ac
836 4879 1051 4939 contemnere,
1075 4887 1159 4948 quae
1183 4869 1306 4948 spiritui
1321 4887 1448 4948 semper
1463 4869 1672 4948 reluctantur,

213 4991 311 5052 quam
335 4972 463 5036 Christo
485 4972 713 5051 adproximare
735 4983 768 5034 et
791 4970 831 5033 illi
847 4971 1039 5034 adhaerere?
1083 4970 1164 5052 »Qui
1194 4975 1279 5035 enirn
1302 4974 1350 5052 (ut
1372 4975 1441 5052 ipse
1464 4973 1580 5054 inquit)
1605 4995 1672 5039 non

212 5075 373 5155 reliquerit
395 5079 503 5137 omnia
522 5087 554 5137 et
577 5094 630 5136 me
652 5086 808 5155 sequutus
831 5096 896 5137 non
920 5076 1021 5149 luerit,
1044 5095 1109 5138 non
1133 5087 1182 5139 est
1206 5096 1258 5139 me
1281 5077 1397 5158 dignus
1419 5096 1478 5138 nec
1503 5097 1598 5140 meus
1622 5089 1674 5142 est

216 5233 419 5240 —--.—.—

304 5301 324 5367 ¹)
343 5299 460 5351 Piidasai
479 5298 633 5366 vydavatel,
653 5317 668 5350 v
687 5299 815 5367 rukopise
835 5319 867 5348 ne
887 5299 958 5351 neni.
