3674 5858
602 394 720 462 Pisecky'
740 393 887 446 Michalovi
906 410 938 446 ze
957 393 1095 462 Straiefit
1116 396 1190 450 1510.
1582 397 1615 449 li

162 607 254 671 illinc
280 628 346 670 non
369 609 608 688 postmultum
634 627 708 669 meo
725 627 800 668 cum
824 627 919 669 servo
943 611 1116 692 enavigans
1140 620 1255 689 postea
1278 610 1410 690 perveni
1429 609 1616 680 Bononiam,

150 710 227 779 Hic
251 714 362 794 itaque
385 713 512 795 graecis
535 711 634 774 literis
657 711 790 773 studere
814 711 933 791 incipio
959 714 1045 776 bona
1067 713 1206 790 fortuna,
1230 733 1298 776 non
1321 714 1552 797 modicamque
1575 716 1618 776 ab

149 817 201 886 iis
225 819 343 881 videor
367 816 443 879 mihi
468 817 618 897 accipere
642 814 912 878 consolationem.
937 816 1029 880 Haec
1053 828 1164 880 autem
1180 819 1304 899 scripsi,
1327 831 1361 880 ut
1379 839 1558 899 provocem
1578 829 1618 885 te.

149 943 268 1002 quem
292 924 366 984 novi
397 931 429 983 et
457 922 605 985 discendi
636 922 794 1001 cupidum
830 922 1020 985 Helladicae
1055 922 1224 985 doctrinae
1254 920 1328 1003 (sic)
1358 933 1391 985 et
1423 925 1556 985 omnino
1588 925 1619 984 in

149 1024 336 1106 disciplina
357 1026 552 1106 elegantem.
574 1024 625 1087 Tu
649 1026 745 1107 igitur
768 1026 847 1109 lege.
879 1025 1010 1102 Sedet,
1041 1028 1067 1088 si
1092 1026 1170 1108 quid
1194 1028 1335 1106 peccavi,
1366 1029 1498 1109 ignosce
1527 1027 1612 1088 mihi.
1639 1055 1652 1095 r,

149 1129 268 1192 Volui
292 1131 379 1192 enim
404 1130 515 1209 potius
539 1150 639 1210 prave
668 1129 873 1193 Graecorum
902 1150 1017 1191 vocem
1047 1131 1252 1192 barbarisans
1283 1151 1335 1193 me
1367 1133 1467 1193 risum
1498 1131 1622 1193 debere

149 1234 241 1323 (sic)
276 1253 376 1315 quam
410 1252 541 1312 semper
573 1233 677 1296 silere.
725 1233 816 1296 Vale.
863 1233 961 1296 Anno
998 1234 1128 1296 Domini
1162 1235 1317 1299 incarnati
1341 1234 1470 1299 MDX
1501 1236 1621 1297 mensis

149 1336 294 1416 Aprilis
320 1336 440 1416 x1V.¹)

860 1581 933 1644 XV.

413 1716 579 1792 Vaclav
607 1718 790 1815 Plsecky
821 1719 1051 1793 Michalovi
1078 1742 1127 1793 ze
1156 1719 1299 1793 Stratie
1329 1720 1377 1819 (l)

262 1908 283 1960 V
303 1907 431 1962 Bononll
453 1906 529 1961 1510
547 1937 580 1946 -
600 1908 646 1962 ts.
667 1905 784 1963 lwetot.
805 1908 882 1961 Prosi
901 1925 934 1961 za
953 1908 1109 1976 odpustenl,
1127 1908 1242 1961 urazilli
1262 1908 1352 1962 listem
1371 1909 1527 1978 piedebly'm
1547 1911 1622 1977 (nim

167 1995 248 2057 vsalt
264 1995 438 2063 neznamym)
460 1995 558 2061 pritele
577 2011 645 2046 svou
670 1995 880 2063 prostoiekostl.
911 1996 976 2063 Bylt
996 1994 1032 2062 jej
1058 1996 1154 2063 napsal
1178 1995 1194 2048 lr
1219 1995 1337 2060 vyzvtlnl
1364 1995 1476 2060 cizlmu,
1497 1997 1540 2050 ale
1559 1996 1624 2049 vinu

174 2087 250 2143 chce
266 2081 333 2134 nesti
352 2083 421 2134 sam.
446 2082 563 2134 Ostatne
588 2085 634 2150 pr>l
655 2081 753 2150 pisatel
773 2082 781 2134 i
800 2083 925 2135 adressat
943 2082 1052 2150 stejnou
1071 2099 1101 2135 se
1120 2082 1265 2150 prohtesili
1284 2083 1501 2151 neptlvetivostl,
1528 2084 1624 2138 kterou

181 2168 299 2229 odlolice
325 2169 412 2221 nechl
438 2169 532 2235 zapasi
561 2171 641 2236 spolu
669 2170 730 2222 dale
759 2168 874 2237 hojny'm
904 2169 1012 2236 psanlm
1040 2168 1224 2237 vzajemnym.
1256 2169 1336 2239 (List
1364 2171 1423 2239 rkp.
1446 2169 1496 2223 tls.
1523 2171 1587 2224 XVI
1611 2189 1627 2223 a

184 2278 205 2312 v
226 2242 395 2308 lt=tter10r0
414 2254 550 2308 mutum
571 2255 706 2309 stomun
725 2256 776 2308 ets.
795 2255 852 2325 tv.)

269 2431 458 2494 Vinceslaus
483 2431 625 2494 Bo'emus
649 2431 803 2495 Michaeli
827 2453 888 2494 suo
912 2454 936 2494 s,
960 2454 991 2513 p.
1015 2432 1073 2514 d.²)
1109 2432 1228 2495 Parum
1251 2434 1374 2509 aberat,
1405 2436 1482 2515 quin
1512 2436 1554 2496 ab
1578 2434 1630 2496 illa

201 2538 341 2613 sententia,
357 2538 417 2599 etsi
434 2538 581 2599 omnium
598 2536 803 2599 eruditorum
820 2556 983 2599 consensu
999 2537 1192 2616 approbata,
1209 2538 1414 2614 decederem,
1433 2559 1498 2619 qua
1514 2548 1630 2620 putant
1644 2550 1671 2594 ro

203 2639 235 2700 illi
259 2640 405 2703 amicitias
438 2641 565 2703 silentio
597 2640 731 2722 quidem
764 2640 947 2721 periclitari,
982 2641 1082 2704 literis
1112 2661 1190 2703 vero
1221 2662 1281 2704 ceu
1317 2643 1446 2706 vinculo
1482 2641 1628 2725 quodam

205 2745 339 2807 tenaciore
361 2744 412 2807 vel
428 2747 460 2807 in
476 2744 592 2808 melius
609 2747 710 2828 redigi
726 2746 775 2808 vel
793 2756 882 2808 certe
898 2747 930 2807 in
945 2745 1063 2808 eodem
1079 2745 1183 2827 gradu
1200 2747 1320 2808 servari
1337 2766 1444 2825 posse,
1467 2745 1629 2827 siquidem

207 2865 252 2927 ego
278 2848 377 2911 literas
409 2869 500 2912 meas
530 2848 573 2912 ad
604 2859 636 2911 te
669 2850 834 2924 dederam,
870 2849 990 2930 quibus
1020 2860 1088 2912 tam
1119 2851 1221 2925 abest,
1255 2861 1291 2912 ut
1313 2849 1434 2931 aliquid
1460 2852 1491 2912 in
1515 2849 1629 2911 melius

208 2951 333 3017 amicitiae
355 2964 488 3017 nostrae
513 2953 758 3031 consulerem,³)
781 2964 817 3016 ut
840 2955 938 3017 etiam
962 2954 1073 3033 peiore
1096 2954 1197 3017 ferme
1221 2955 1409 3016 conditione
1425 2954 1510 3016 illam
1527 2952 1628 3016 collo·

210 3057 324 3120 caverim.
347 3056 450 3137 Quod
474 3058 571 3140 plane
595 3079 660 3140 qua
684 3059 811 3121 ratione
834 3059 985 3135 evenerit,
1009 3078 1074 3120 non
1097 3057 1190 3120 facile
1214 3059 1291 3120 mihi
1314 3058 1508 3138 persuadeo.
1542 3057 1628 3120 Sub·
1644 3076 1670 3118 to

210 3175 294 3223 vereor
312 3162 406 3237 enim,
441 3182 481 3224 ne
516 3160 600 3224 forte
631 3161 681 3224 vel
713 3163 809 3244 genio
832 3160 937 3243 (quod
961 3163 1064 3241 aiunt)
1096 3163 1226 3225 sinistro
1257 3163 1395 3224 emissae
1428 3163 1552 3238 fuerint,
1583 3160 1631 3222 vel

211 3272 273 3325 cette
290 3267 408 3329 rustico
432 3266 574 3329 dictatae
609 3267 737 3349 ingenio
761 3267 973 3329 irreverenter
1005 3263 1053 3345 (ut
1084 3263 1133 3348 fit)
1164 3275 1197 3328 te
1219 3267 1427 3328 accesserint.
1474 3264 1575 3345 Quod
1607 3266 1633 3327 si

212 3374 250 3439 est,
268 3368 350 3433 dabis
373 3372 505 3433 veniam
528 3370 759 3451 impudentiae,
783 3390 870 3451 quae
893 3380 1005 3433 tamen
1029 3392 1095 3434 non
1122 3392 1165 3434 ex
1189 3372 1382 3433 morositate
1406 3370 1514 3451 aliqua
1536 3370 1633 3432 animi

214 3473 258 3532 mei
274 3477 370 3539 evenit
394 3476 454 3539 sed
478 3475 693 3557 ineptitudine
716 3477 840 3538 nedum
864 3475 994 3539 levitate
1017 3475 1068 3538 illa
1085 3477 1283 3558 graecanica,
1308 3496 1407 3556 quam
1424 3472 1539 3537 Cicero
1556 3474 1631 3535 sub·

213 3572 266 3637 inde
283 3589 377 3656 notat,
408 3600 541 3661 quaque
563 3579 731 3642 Lucianus
755 3579 816 3655 ille,
849 3600 914 3642 non
943 3589 1129 3659 postremae
1152 3580 1234 3642 inter
1258 3579 1406 3642 Graecos
1428 3578 1631 3649 eruditionis,
1645 3596 1673 3636 to

213 3696 249 3739 ne
265 3683 377 3760 imbuit,
409 3685 465 3766 qui
488 3684 622 3746 nonita
646 3684 751 3746 multo
783 3683 942 3747 diversam
974 3684 1016 3745 ad
1042 3684 1215 3765 Nigrinum
1246 3703 1343 3745 suum
1376 3683 1547 3763 epistolam
1576 3681 1632 3743 de·
1703 3769 1705 3773 Α

213 3779 283 3858 derat,
304 3788 379 3850 nihil
403 3788 469 3850 tale
499 3789 628 3864 veritus,
660 3809 700 3850 ne
731 3788 809 3870 quid
841 3809 900 3869 per
929 3788 1015 3850 illam
1045 3789 1152 3851 amico
1182 3808 1243 3850 suo
1267 3788 1401 3849 iniurius
1425 3786 1528 3848 luerit.
1565 3784 1633 3848 Sed

214 3882 281 3970 longe
304 3893 464 3955 diversam
496 3894 573 3955 mihi
605 3900 704 3973 atque
736 3891 778 3954 illi
810 3892 910 3955 luisse
941 3892 1163 3954 conditionem
1195 3911 1281 3953 nunc
1309 3892 1450 3970 primum
1474 3888 1634 3969 intelligo;

217 3996 454 4078 quandoquidem
478 3996 531 4059 ille
553 3998 595 4059 ad
620 3997 792 4080 Nigrinum
816 3996 1061 4076 philosophum,
1084 3996 1249 4057 hominem
1266 4015 1383 4076 graeca
1399 4003 1435 4055 ut
1452 3993 1636 4054 eruditione

216 4090 245 4155 ita
266 4097 406 4163 facilitate
438 4100 633 4180 praeditum,
664 4120 726 4184 ego
757 4120 835 4162 vero
866 4101 909 4163 ad
939 4110 972 4162 te
1005 4100 1148 4162 romanis
1179 4100 1278 4162 literis
1302 4118 1503 4178 romanaque
1527 4096 1678 4157 lorsanee

216 4204 351 4266 severitate
374 4205 537 4267 imbutum
562 4204 735 4285 epistolam
759 4204 916 4267 dederam
949 4215 981 4266 et
1004 4204 1139 4284 quidem
1162 4203 1323 4283 prudens;
1349 4203 1472 4282 quippe
1497 4201 1637 4282 quinon

217 4299 293 4368 adhuc
313 4309 530 4389 navigaverim
555 4307 739 4387 Anticyras,
763 4330 822 4371 nec
847 4310 953 4370 minus
977 4307 1099 4385 volens,
1127 4308 1275 4369 nondum
1307 4305 1430 4369 scilicet
1454 4304 1636 4367 Diomedea

218 4400 251 4474 (ut
266 4407 384 4494 dicitur)
409 4411 575 4475 adductus
584 4412 609 4494 ⁴)
633 4414 834 4475 necessitate.
873 4412 1031 4493 Quamvis
1058 4422 1168 4474 autem
1195 4413 1313 4474 iustam
1338 4410 1454 4472 silentii
1479 4409 1636 4472 rationem

219 4506 280 4573 visus
307 4534 377 4578 sum
409 4516 487 4578 mihi
517 4517 615 4578 etiam
646 4527 716 4580 tum
745 4517 907 4594 habuisse,
938 4536 1040 4597 quum
1075 4518 1106 4578 in
1137 4515 1215 4578 illud
1248 4516 1477 4597 graecanicum
1503 4513 1638 4595 pelagus

220 4610 329 4696 ltlisque
351 4620 517 4700 remisque
545 4641 741 4702 progressus
772 4621 876 4683 latinis
900 4620 998 4682 literis
1022 4620 1100 4681 mibi
1124 4619 1366 4695 interdixeram,
1399 4639 1459 4680 nec
1488 4617 1529 4680 ad
1554 4617 1679 4680 ullosao

222 4711 288 4788 litte
305 4724 427 4786 amicos
444 4723 554 4786 literas
572 4726 824 4802 transmiseram,
846 4727 905 4787 nisi
922 4726 1119 4806 quibuscum
1135 4743 1256 4805 urgens
1273 4721 1455 4803 quodpiam
1471 4722 1640 4804 negotium

223 4817 275 4881 nihi
291 4825 511 4905 intercesserit,
534 4849 553 4890 a
576 4831 737 4911 quibusve
760 4829 907 4910 epistolis
931 4838 1132 4908 provocatus
1155 4827 1280 4904 luerim,
1303 4836 1413 4888 tamen
1438 4824 1639 4905 eproiundo

225 4968 283 4985 x
303 4985 392 4991 —--—

286 5051 299 5114 ¹)
314 5051 378 5120 cety'
398 5051 444 5104 list
463 5058 540 5104 tento
556 5051 613 5119 jest
632 5056 729 5118 patrue
750 5052 932 5119 nepovedeny'
951 5051 1064 5118 pielrlad
1084 5050 1203 5116 latinsky'
1221 5050 1343 5102 leckeho
1363 5047 1506 5116 originalu.

284 5136 299 5197 ’ξι
315 5137 434 5191 Adressa
453 5144 511 5191 tato
530 5155 547 5188 v
567 5125 590 5189 ll
608 5136 711 5200 schazl,
731 5138 738 5189 i
755 5136 810 5205 jest
829 5138 913 5191 velmi
934 5136 1090 5207 pochybno‚
1115 5136 1148 5189 ie
1166 5135 1202 5205 by
1221 5134 1285 5204 byla
1303 5134 1430 5202 sprdvna.

285 5211 352 5278 ³lli:
369 5223 566 5278 consuluerim.

285 5308 302 5375 ⁴)
316 5297 348 5363 ll:
367 5312 494 5365 adactus.
