3674 5858
729 400 800 454 XIll.
822 400 915 455 Racelr
934 399 1058 455 Kriitofu
1076 399 1257 456 Scheuerlovi
1277 398 1353 456 1500.

1002 664 1085 734 Xlll.

706 804 854 879 Raeek
882 801 1069 878 Kristofu
1097 801 1383 878 Scheuerlovi.

401 973 437 1043 (ν
458 953 543 1030 arms
562 973 649 1029 rsoo
669 1004 700 1014 -
720 988 741 1029 0
760 968 965 1044 masopane.)
993 971 1101 1043 urruje
1124 990 1157 1028 u
1180 975 1234 1028 ava
1256 974 1396 1043 putetur
1423 975 1522 1046 aopuy
1544 992 1562 1029 a
1585 992 1618 1030 ιι
1641 975 1701 1039 aar,
1728 976 1772 1029 ιιι

314 1060 381 1114 lteri
399 1060 530 1128 Kriitofa,
552 1060 584 1114 Ie
608 1060 783 1115 zvlastnfho
801 1060 912 1130 popudu
938 1076 985 1114 mu
1004 1061 1108 1130 nepfie,
1133 1058 1220 1130 nibrl
1239 1061 1342 1130 napled
1366 1077 1403 1116 na
1424 1061 1490 1130 jeho
1514 1061 1562 1116 list
1579 1061 1657 1126 delui,
1680 1061 1773 1116 adkoli

313 1148 362 1216 pry'
378 1146 455 1215 jinalr
474 1147 599 1210 aliboval,
618 1146 691 1217 lrdyi
711 1148 805 1201 Racek
823 1148 859 1201 do
878 1135 960 1202 lum
977 1148 1120 1202 odchrizel.
1140 1146 1303 1216 Oznamuje,
1322 1147 1353 1202 Ie
1367 1148 1436 1203 mfnf
1448 1149 1515 1218 pled
1527 1149 1675 1218 pocttkem
1688 1158 1772 1218 postu

313 1233 350 1287 do
368 1233 495 1288 Bononie
514 1251 544 1287 se
562 1232 665 1297 vertiti,
682 1233 716 1286 ad
735 1235 786 1303 pry
803 1251 835 1288 se
854 1251 901 1287 mu
920 1234 995 1289 iivot
1014 1251 1031 1287 v
1049 1221 1131 1288 fllme
1148 1235 1232 1288 velmi
1250 1235 1308 1289 libi.
1331 1235 1413 1305 (List.
1431 1236 1488 1290 titt.
1507 1235 1557 1290 dis.
1576 1237 1648 1307 XV.)
1765 1240 1775 1252 “

401 1410 585 1474 Rodericus
608 1409 786 1474 Dubravus
809 1408 1014 1474 Christoforo
1042 1408 1200 1474 Scheuerl
1224 1410 1470 1494 Nornbergcnsi
1492 1435 1517 1476 s.
1541 1414 1572 1477 d.
1607 1411 1707 1475 Binas
1728 1411 1772 1475 ad

315 1535 367 1577 me
383 1514 503 1577 dedisti
525 1514 634 1578 literas
650 1513 717 1577 lere
740 1516 772 1577 in
788 1514 927 1578 eandem
951 1516 1156 1593 sententiam,
1179 1516 1299 1597 quibus
1322 1516 1478 1595 declaras,
1502 1536 1600 1598 quam
1617 1516 1773 1578 benivolo

314 1621 347 1683 in
369 1639 423 1681 me
438 1619 482 1682 sis
504 1619 624 1695 animo,
647 1639 691 1680 ex
707 1638 775 1700 quo
799 1618 844 1695 fit,
866 1627 903 1681 ut
919 1619 998 1682 mihi
1019 1619 1221 1701 gratissimae
1243 1621 1307 1682 sint
1327 1639 1403 1682 cum
1426 1629 1563 1700 propter
1578 1621 1773 1702 gravitatem

313 1724 549 1788 sententiarum
565 1731 665 1805 atque
687 1723 865 1788 verborum
879 1733 951 1787 tum
966 1723 1111 1786 maxIme
1126 1727 1263 1805 propter
1286 1742 1414 1801 munus,
1437 1724 1529 1804 quod
1545 1723 1625 1787 mihi
1640 1733 1771 1807 gratum

287 1835 364 1892 sest
386 1837 419 1891 et
435 1848 508 1891 esse
529 1828 645 1906 debet,
670 1829 762 1909 quod
785 1829 883 1890 etiam
906 1827 1013 1905 efficit,
1037 1838 1073 1890 ut
1090 1827 1247 1909 quicquid
1271 1827 1388 1905 babeo,
1411 1829 1570 1910 quicquid
1592 1830 1664 1910 ipse
1687 1847 1772 1903 surn,

313 1932 346 1994 id
370 1951 469 1995 omne
490 1940 585 1994 tuum
608 1932 803 1994 existimem.
826 1930 894 1995 Sed
918 1933 1062 1994 maxima
1085 1951 1139 1994 me
1161 1932 1335 1995 admiratio
1357 1933 1470 2010 tenuit,
1499 1952 1576 1999 cum
1599 1933 1644 1995 sis
1666 1934 1772 1994 incre-

312 2036 404 2099 dibili
428 2037 630 2099 humanitate
652 2035 823 2117 praeditus
845 2045 877 2099 et
893 2036 925 2098 in
948 2036 1161 2099 conciliandis
1182 2036 1396 2099 amicitiarum
1420 2036 1538 2099 studiis
1550 2055 1662 2118 ,quam
1684 2036 1771 2116 opti·

313 2159 396 2218 mus,
419 2140 510 2222 quod
533 2140 639 2203 nullas
664 2140 707 2203 ad
731 2160 792 2219 me,
815 2140 875 2203 nisi
897 2140 988 2222 prius
1004 2159 1095 2203 meas
1116 2141 1282 2221 accepisti,
1304 2140 1425 2203 curasti
1447 2141 1528 2203 dare
1551 2140 1669 2204 literas.
1694 2140 1772 2205 Non

311 2245 371 2306 tibi
402 2245 495 2307 adest
526 2245 686 2308 memoria
715 2245 943 2326 promissionis
972 2254 1059 2323 tuae,
1088 2253 1267 2326 antequam
1297 2264 1341 2306 ex
1364 2245 1512 2308 Bononia
1542 2244 1771 2308 discederem?

275 2363 300 2404 ιο
312 2347 472 2411 Dicebas:
502 2347 599 2412 >Non
621 2347 654 2409 X
677 2348 747 2411 dies
774 2347 985 2424 intercedent,
1016 2368 1093 2411 cum
1116 2349 1159 2412 ad
1181 2358 1215 2411 te
1238 2349 1348 2411 literas
1378 2348 1589 2429 perferendas
1611 2350 1766 2412 curabo«

314 2453 380 2515 Res
401 2453 503 2528 aliter,
525 2451 702 2529 addixisti,
724 2454 838 2515 evenit.
862 2452 1031 2531 Quidnam
1052 2452 1101 2515 his
1125 2452 1232 2530 literis,
1256 2473 1339 2534 quas
1362 2452 1518 2516 Venetias
1527 2455 1550 2532 ¹)
1572 2453 1616 2516 ad
1639 2462 1674 2517 te
1690 2454 1771 2529 misi,

313 2556 528 2639 respondisti?
555 2555 720 2638 Scripsisti
742 2558 785 2620 ad
809 2557 994 2638 plerosque,
1018 2557 1073 2638 qui
1096 2567 1129 2618 te
1152 2576 1219 2620 non
1243 2557 1341 2620 literis
1364 2560 1431 2620 suis
1454 2569 1491 2620 ut
1513 2577 1585 2640 ego,
1608 2557 1668 2620 sed
1692 2575 1771 2638 qua·

314 2660 392 2724 dam
421 2661 636 2725 familiaritate
657 2661 701 2725 ad
724 2662 938 2726 scribendum
967 2661 1210 2739 excitaverunt;
1242 2670 1447 2743 quapropter
1475 2681 1543 2725 non
1565 2660 1681 2725 dolere
1703 2679 1770 2724 non

314 2765 415 2847 potui,
437 2785 505 2829 non
527 2766 560 2829 in
582 2764 703 2828 eodem
725 2784 779 2828 me
801 2785 940 2830 numero
963 2765 1078 2845 fuisse,
1107 2764 1186 2827 nihil
1208 2766 1295 2828 enim
1318 2766 1531 2845 praetermisi,
1555 2774 1716 2848 quantum
1738 2766 1770 2829 in

276 2882 302 2923 ¹5
315 2889 369 2932 me
398 2870 464 2949 fuit,
494 2890 561 2933 non
590 2879 658 2933 tam
689 2869 911 2934 familiaritatis
942 2890 1042 2951 quam
1072 2879 1150 2933 tuae
1179 2870 1307 2933 virtutis
1336 2871 1439 2953 gratia
1468 2870 1631 2933 amicitiae
1657 2880 1769 2933 tecum

314 2974 573 3039 constituendae.
606 2974 692 3038 Nam
723 2995 853 3039 summa
883 2996 944 3057 spe
974 2984 1007 3038 et
1036 2974 1134 3037 animi
1164 2983 1197 3037 et
1220 2974 1337 3057 ingenii
1367 2993 1404 3037 es
1433 2973 1612 3055 praeditus,
1639 2984 1673 3038 et
1696 2994 1770 3037 mea

314 3099 445 3161 semper
461 3078 519 3143 fuit
534 3079 694 3143 sententia
710 3099 786 3143 cum
809 3080 860 3142 his
875 3079 1051 3143 ineundam
1066 3098 1140 3142 esse
1159 3078 1342 3156 amicitiam,
1364 3079 1396 3141 in
1413 3079 1533 3160 quibus
1550 3077 1771 3142 honestissimi

314 3203 424 3248 mores
446 3184 701 3262 dominarentur,
723 3193 759 3247 et
780 3185 979 3265 quibuscum
1003 3184 1120 3259 bonus,
1143 3183 1283 3262 sapiens,
1306 3182 1426 3246 doctus
1449 3183 1518 3245 fieri
1541 3202 1685 3264 possem.
1715 3181 1770 3245 Li·

313 3298 403 3351 terae
432 3296 518 3368 tuae,
546 3309 632 3371 quae
654 3289 771 3369 plenae
802 3289 1013 3352 humanitatis
1043 3297 1143 3369 atque
1173 3287 1413 3350 benivolentiae
1438 3296 1527 3365 sunt,
1552 3296 1585 3350 et
1607 3307 1668 3367 ea,
1686 3306 1772 3368 quae

273 3411 301 3456 eo
314 3393 393 3455 mihi
414 3393 541 3457 muneri
563 3392 691 3471 dedisti,
713 3392 867 3470 efficiunt,
896 3401 933 3455 ut
953 3402 1046 3456 tanto
1068 3401 1102 3455 te
1124 3410 1237 3455 amore
1261 3391 1473 3472 complectar,
1495 3402 1531 3455 ut
1554 3402 1650 3465 tuam¹
1670 3392 1770 3455 vitam

312 3496 493 3560 anteferam
514 3517 624 3575 meae;
647 3518 686 3560 ea
708 3499 795 3561 enim
819 3497 1011 3576 liberalitate
1033 3497 1202 3577 praeditus
1225 3497 1347 3575 existis,
1369 3505 1405 3559 ut
1428 3498 1582 3576 nesciam,
1604 3515 1673 3577 quo
1696 3517 1771 3560 eam

314 3600 423 3666 officio
439 3621 650 3665 remunerare
665 3603 800 3684 possim.
824 3601 956 3685 Magno,
979 3620 1021 3663 ne
1042 3600 1150 3664 dicam
1167 3600 1357 3677 incredibili,
1380 3601 1407 3664 si
1429 3601 1495 3664 tuis
1509 3601 1633 3664 meritis
1649 3599 1772 3664 referre

313 3707 450 3788 gratiam
472 3725 540 3769 non
562 3707 737 3787 potuerim,
759 3706 878 3770 dolore
899 3705 1029 3768 afficiar.
1054 3703 1131 3768 Non
1154 3705 1241 3768 enim
1262 3705 1414 3768 convenit
1437 3704 1579 3768 bominis
1600 3713 1772 3786 praestan·

313 3811 387 3887 tiae,
408 3820 446 3873 ut
467 3811 541 3892 quis
557 3812 588 3873 in
604 3810 731 3894 agenda
754 3813 858 3892 gratia
874 3811 915 3873 sit
937 3811 982 3873 ita
996 3808 1120 3887 tardus,
1142 3819 1179 3872 ut
1201 3828 1267 3872 non
1291 3811 1369 3872 satis
1384 3817 1497 3892 gratus
1519 3829 1593 3872 esse
1607 3808 1771 3873 videatur.

274 3933 301 3974 as
315 3913 385 3977 Erit
400 3922 510 3978 tamen
525 3916 573 3978 tui
596 3914 694 3978 officii
717 3934 783 3978 non
799 3934 892 3977 meae
908 3914 1139 3997 ingratitudini,
1161 3914 1220 3977 sed
1237 3925 1371 3976 tuorum
1388 3913 1625 3978 beneficiorum
1647 3915 1771 3997 magni·

313 4019 418 4081 tudini
440 4019 594 4082 tribuere.
617 4020 655 4082 ln
678 4020 843 4099 praesenti
864 4020 923 4082 tibi
938 4039 1001 4101 ago
1025 4028 1059 4082 et
1074 4018 1182 4081 habeo
1205 4016 1407 4089 immortales
1428 4037 1469 4081 ac
1491 4018 1617 4082 divinas
1639 4020 1770 4102 gratias.

314 4121 393 4186 Non
414 4132 448 4186 te
470 4123 581 4206 fugiat,
603 4125 648 4186 mi
670 4122 881 4201 Christofore,
904 4125 1061 4205 quoniam
1084 4123 1261 4199 desideras,
1289 4133 1325 4185 ut
1347 4131 1380 4184 te
1403 4121 1446 4185 de
1468 4123 1576 4186 reditu
1599 4142 1677 4187 meo
1701 4143 1769 4188 cer·

312 4228 432 4290 tiorem
447 4226 572 4305 faciam,
595 4247 648 4290 me
664 4227 872 4308 iampridem
893 4228 934 4290 de
951 4229 1136 4291 reversione
1160 4228 1323 4309 cogitasse
1339 4237 1372 4290 et
1387 4236 1463 4290 ante
1482 4228 1771 4312 quadragesimam

313 4329 495 4394 Bononiam
525 4332 634 4395 venire
664 4333 825 4410 institui.¹)
870 4331 948 4394 Non
971 4332 1058 4394 enim
1081 4332 1159 4394 mihi
1188 4333 1268 4396 satis
1290 4332 1472 4414 prudenter
1502 4332 1610 4397 faeere
1631 4334 1771 4412 viderer,

272 4452 300 4494 uo
313 4435 339 4496 si
360 4444 451 4498 tanta
473 4434 645 4515 voluptate
661 4444 761 4516 atque
784 4435 983 4498 amoenitate
999 4436 1100 4500 Urbis
1122 4445 1190 4499 tam
1214 4437 1270 4499 diu
1294 4446 1432 4516 tenerer,
1455 4457 1500 4500 ex
1522 4456 1588 4518 qua
1610 4439 1671 4502 nisi
1695 4458 1773 4503 cum

313 4538 460 4603 maximo
483 4537 609 4616 dolore,
638 4548 674 4601 ut
696 4559 811 4602 verum
834 4538 945 4614 fatear,
970 4539 1141 4603 discedere
1163 4561 1231 4604 non
1254 4552 1381 4624 potero.
1414 4542 1516 4605 Nulla
1540 4542 1620 4606 mihi
1641 4543 1772 4608 inicitur

312 4641 484 4720 dubitatio,
514 4644 592 4724 quin
614 4643 648 4705 id
671 4663 765 4707 meae
791 4645 1027 4708 inconstantiae
1057 4646 1289 4709 ascribendum
1320 4666 1393 4710 esse
1416 4648 1536 4727 duces,
1564 4656 1678 4712 tamen
1702 4650 1772 4712 sine

312 4745 377 4808 ulla
409 4745 615 4810 dubitatione
645 4748 841 4811 confirmare
870 4748 990 4824 audeo,
1021 4749 1047 4810 si
1077 4749 1129 4812 bic
1160 4751 1275 4830 paucis
1305 4770 1372 4814 non
1403 4750 1479 4815 dico
1509 4752 1680 4816 mensibus
1710 4753 1772 4816 sed

312 4850 430 4913 diebus
459 4851 557 4914 vitam
588 4853 722 4929 viveres,
752 4863 784 4916 et
814 4853 952 4934 patriam
979 4861 1012 4914 et
1042 4862 1194 4933 parentes
1224 4865 1258 4918 et
1286 4854 1400 4918 affines
1431 4855 1668 4938 relinquendos
1698 4876 1773 4921 esse

158 4990 160 4994 2
272 4970 299 5014 au
313 4974 472 5017 censeres.
496 4955 581 5018 Vale
604 4965 636 5018 et
660 4976 713 5018 me
736 4977 818 5033 arna,
841 4959 925 5019 sicut
947 4957 1058 5018 adhuc
1081 4959 1235 5042 singulari
1260 4981 1335 5022 cum
1360 4959 1579 5024 benivolentia
1601 4960 1717 5026 fecisti

400 5145 419 5212 ¹)
437 5144 497 5198 Talr
516 5161 533 5197 v
552 5143 634 5212 tislru,
652 5144 695 5199 ale
715 5160 762 5213 my
781 5146 873 5198 dteme
892 5144 1018 5198 Venetiis
1037 5145 1225 5215 majicezlenf
1245 5147 1339 5201 klistu
1352 5149 1422 5203 VIII.
1441 5150 1540 5203 tuhoto
1559 5117 1674 5219 rfydinf,
1693 5151 1774 5222 krery

313 5233 381 5299 pseu
402 5232 448 5301 byl
469 5251 485 5284 v
504 5231 666 5285 Benatkach
688 5249 705 5285 a
724 5232 820 5285 sveddi
838 5231 931 5285 timul
950 5232 1109 5286 Kriltofovi.

400 5321 420 5385 ²)
440 5318 501 5372 List
523 5319 598 5373 ludii
617 5319 685 5387 pean
705 5336 722 5370 v
742 5307 821 5372 stirne
841 5321 931 5388 neirdy
951 5337 967 5370 o
987 5325 1146 5388 masopuste
1165 5339 1185 5373 r.
1208 5322 1281 5373 1500.
