3674 5858
209 415 244 469 50
659 416 777 488 Piseclry
796 418 946 473 Michalovi
968 437 999 472 ze
1019 418 1114 474 Straie
1137 416 1211 473 1510.

209 629 315 703 ticam,
339 630 432 691 cuius
456 650 574 710 parens
597 639 629 693 et
652 631 746 694 alitor
759 627 782 714 ¹)
806 633 971 694 maximus
994 633 1099 695 ubivis
1118 634 1268 696 locorum
1292 655 1412 716 graeco
1428 635 1564 698 scaturit
1581 633 1661 697 idio-

210 742 304 794 mate.
329 729 535 795 Consolabar
558 736 669 814 itaque
692 754 753 811 me,
776 736 963 818 gratulabar
987 738 1235 818 peregrinationi
1252 756 1345 799 meae
1363 740 1412 800 vel
1429 740 1540 818 potius
1555 739 1663 816 exilio,

209 837 329 918 dabam
353 837 449 916 plena
474 838 611 899 laetitiae
635 838 740 900 lintea.
764 839 832 903 Sed
856 841 912 901 ubi
936 859 998 921 ego
1021 849 1110 902 totus
1133 841 1165 901 in
1188 840 1261 915 hoc,
1284 862 1363 904 ecce
1385 843 1443 902 tibi
1460 842 1571 904 literae
1588 852 1662 903 tuae

208 960 261 1001 me
284 941 489 1019 interpellant
512 951 544 1003 et
568 943 714 1019 obtorto,
745 955 780 1005 ut
812 944 910 1019 aiunt,
941 943 1028 1005 collo
1060 964 1113 1006 me
1135 954 1356 1006 transversum
1389 945 1569 1007 retrahunt.
1609 945 1662 1007 Ad

180 1063 290 1124 squas
313 1045 371 1107 ubi
394 1046 519 1107 vultum
543 1050 687 1110 converti
710 1048 907 1128 titulumque
922 1068 1036 1110 earum
1052 1049 1240 1125 transcurri,
1265 1050 1366 1110 totius
1382 1050 1537 1129 pristinae
1552 1059 1663 1130 gratu·

207 1148 334 1211 lationis
358 1149 480 1211 oblitus
504 1171 586 1227 sum,
609 1153 678 1231 pari
702 1151 803 1214 terme
827 1152 1017 1213 conditione
1040 1161 1140 1232 atque
1163 1152 1240 1214 lanx
1252 1149 1277 1234 2)
1301 1153 1364 1215 cibi
1387 1162 1455 1214 tam
1480 1172 1533 1214 me
1558 1154 1662 1231 prima

207 1252 312 1315 lronte
335 1263 502 1334 ceperunt,
525 1266 592 1316 tam
616 1255 848 1331 demulserunt,
871 1265 907 1317 ut
929 1266 1020 1318 totus
1043 1276 1128 1336 pene
1151 1264 1245 1318 extra
1262 1276 1315 1318 me
1331 1257 1530 1319 constitutus
1550 1255 1661 1318 videar

206 1357 312 1420 luisse,
358 1357 490 1438 Quanta
519 1360 604 1422 enim
636 1361 667 1421 in
694 1360 764 1437 illis,
796 1360 886 1422 Deus
917 1360 1013 1436 bone,
1048 1360 1240 1437 humanitas,
1272 1370 1394 1440 quanta
1426 1359 1662 1432 benevolentia,

206 1482 304 1542 quam
335 1464 470 1539 sincera,
501 1483 640 1544 quamve
671 1465 802 1526 minime
833 1462 941 1526 fucata
968 1463 1010 1526 ad
1035 1484 1088 1526 me
1111 1465 1264 1526 amicitial
1311 1463 1388 1526 Non
1412 1465 1458 1526 sic
1483 1463 1663 1526 Homerica

120 1618 126 1629 .
168 1585 193 1625 ro
206 1567 260 1629 illa
283 1565 426 1648 Calypso
450 1567 604 1630 mollibus
628 1568 850 1631 odoramentis
877 1568 1067 1647 speluncam
1099 1587 1193 1630 suam
1225 1568 1356 1630 abunde
1389 1568 1586 1650 suffumigat,
1618 1569 1662 1630 uti

207 1673 346 1753 epistola
368 1682 425 1734 tua
449 1672 679 1734 blandissimos
711 1672 874 1753 quosdam
897 1673 1057 1734 amicitiae
1081 1673 1203 1734 odores
1228 1671 1324 1753 longe
1349 1672 1479 1753 lateque
1502 1671 1664 1733 diffundit.

209 1775 298 1838 Num
329 1776 424 1857 igitur
458 1777 500 1838 ab
532 1797 566 1838 re
594 1777 652 1838 tibi
683 1785 774 1837 tanto
806 1776 957 1856 perfusus
988 1776 1109 1859 gaudio
1137 1776 1259 1852 videor,
1294 1778 1349 1857 qui
1372 1786 1406 1838 te
1428 1776 1573 1839 amicum
1597 1784 1663 1837 tam

208 1880 385 1959 probatum
416 1880 537 1962 liquide
568 1880 756 1961 cognosco?
795 1880 924 1942 Etenim
948 1881 982 1956 si,
1014 1880 1104 1961 quod
1138 1879 1303 1943 lucianus
1329 1881 1489 1956 adsentit
1520 1879 1664 1957 Scythae

209 1984 250 2046 nil
282 1986 386 2045 maius
416 1985 557 2047 amicitia
589 1994 714 2065 putant,
748 1984 791 2046 nil
825 1984 1051 2060 venerabilius,
1086 2004 1185 2066 quam
1216 1985 1241 2046 si
1274 1986 1346 2065 quis
1370 1984 1500 2047 fidelem
1524 1984 1665 2045 inveniat

170 2104 196 2144 ro
209 2088 360 2163 amicum,
382 2088 547 2168 talemque
563 2089 749 2150 iudicarunt
760 2085 784 2170 ⁴)
808 2098 841 2150 et
860 2089 1021 2168 optimum
1039 2100 1071 2150 et
1087 2088 1293 2161 ditissimum,
1318 2089 1369 2150 cui
1385 2087 1434 2150 vel
1451 2088 1519 2150 duo
1535 2097 1664 2149 tantum

209 2202 319 2254 essent
340 2193 444 2269 amici,
475 2192 553 2272 quid
585 2192 661 2254 mibi
693 2191 881 2255 faciundum
909 2203 1014 2273 putas,
1047 2212 1150 2274 quum
1174 2192 1306 2253 audiam
1330 2192 1415 2253 ultra
1439 2192 1519 2253 haec
1544 2191 1665 2269 Pytha·

209 2316 323 2377 goram
348 2296 510 2359 dicentem
535 2295 687 2377 (mezera)
700 2299 722 2363 rr,
747 2298 763 2357 i.
781 2317 807 2359 e.
831 2297 1005 2358 amicitiam
1023 2317 1096 2359 esse
1112 2297 1342 2377 aequalitatem
1359 2307 1390 2357 et
1407 2316 1505 2358 unam
1522 2297 1665 2356 animam

210 2412 241 2462 et
265 2402 406 2463 amicum
430 2399 570 2462 alterum
595 2401 723 2480 ipsum?
761 2399 850 2478 Quid
878 2403 1011 2482 inquam
1035 2400 1132 2477 aliud,
1163 2420 1263 2480 quam
1296 2409 1332 2460 ut
1354 2401 1477 2481 gaudio
1501 2419 1587 2480 pene
1610 2399 1667 2461 de·

212 2506 324 2567 liciam.
349 2505 439 2587 Ergo
463 2516 507 2580 tu,
530 2506 655 2584 optime
671 2505 784 2579 amice,
809 2505 887 2566 illud
905 2507 1057 2582 muneris,
1081 2504 1172 2586 quod
1188 2525 1249 2566 nec
1273 2524 1325 2565 me
1343 2503 1479 2566 ulterius
1497 2503 1667 2585 obligabat

169 2633 196 2675 so
210 2620 241 2671 et
265 2611 306 2672 ad
330 2620 427 2672 tene
450 2610 620 2671 minimum
643 2609 777 2690 quidem
802 2610 994 2688 pertinebat,
1026 2610 1136 2671 subire
1160 2609 1298 2685 voluisti,
1326 2608 1474 2690 dumque
1497 2610 1602 2683 times,
1625 2627 1667 2669 ne

210 2734 275 2795 qua
297 2714 403 2777 famae
427 2734 519 2776 meae
544 2713 693 2776 labecula
710 2714 924 2795 inspergatur‚
948 2734 1055 2793 neque
1071 2713 1236 2794 dignitatis
1252 2723 1330 2774 tuae
1346 2714 1505 2775 rationem
1524 2711 1668 2773 habuisti

211 2818 310 2879 ullam
332 2838 440 2899 neque
464 2818 592 2879 laboris
631 2817 706 2879 Hoc
729 2829 779 2880 est
802 2838 878 2880 vere
904 2819 1047 2880 amicum
1070 2838 1143 2879 esse
1167 2816 1360 2897 periclitanti
1383 2816 1474 2878 alteri
1496 2816 1668 2896 suppetias

211 2922 309 2998 ferre;
326 2923 389 2984 hoc
406 2933 455 2983 est
471 2921 734 3000 philosophicam
750 2921 837 2982 illam
855 2922 1016 3002 planeque
1033 2922 1283 3001 Pythagoricum
1301 2922 1475 2982 amicitiam
1489 2919 1668 2991 celebrare¹

210 3037 246 3086 ut
270 3027 376 3087 amico
400 3029 516 3105 prosis
540 3025 701 3088 nihildum
725 3035 860 3106 rogatus
884 3025 998 3088 lacere.
1040 3025 1145 3087 Abeat
1173 3026 1236 3086 iam
1261 3025 1313 3087 illa
1338 3024 1476 3103 Pyladis,
1507 3023 1669 3085 Damonis

171 3153 198 3195 rs
212 3141 244 3192 et
268 3127 413 3208 Scythici
437 3129 520 3191 illius
545 3128 720 3191 Arsocomi
744 3130 885 3191 amicitia
909 3132 941 3192 in
965 3130 1116 3191 maximis
1134 3128 1286 3209 periculis
1303 3129 1358 3190 vix
1375 3129 1510 3191 tandem
1527 3129 1668 3210 cognita.

212 3236 316 3312 abeat,
339 3244 398 3295 tuo
422 3233 578 3312 exemplo
602 3233 738 3295 evanida
754 3244 813 3310 est,
836 3235 978 3295 obscura
995 3242 1053 3295 est.
1077 3231 1141 3311 Qui
1157 3234 1243 3293 enim
1259 3234 1291 3294 in
1308 3252 1342 3293 re
1359 3232 1476 3312 pusilla
1492 3240 1668 3310 tantopere

212 3339 319 3401 amico
343 3339 515 3413 timuistilr
540 3338 618 3418 quid
636 3357 702 3399 uon
719 3337 843 3400 laceres
867 3339 898 3398 in
922 3338 1060 3420 magna?
1091 3335 1156 3416 Qui
1181 3336 1299 3398 lamam
1323 3336 1418 3397 amici
1443 3355 1482 3396 ne
1506 3335 1668 3397 levissime

212 3442 346 3523 quidem
363 3443 534 3523 perstringi
552 3462 671 3522 passus
687 3462 730 3517 eS,
753 3443 832 3523 quid
849 3461 972 3522 ageres,
995 3442 1022 3502 si
1039 3440 1088 3501 vel
1106 3440 1219 3502 salutis
1231 3442 1256 3517 7)
1279 3440 1445 3520 ingrueret
1462 3437 1668 3518 periculum?

213 3545 243 3610 O
267 3566 319 3608 me
343 3547 476 3622 felicem,
499 3546 555 3626 qui
578 3547 676 3607 talem
699 3555 732 3607 te
755 3547 890 3607 sortitus
914 3565 987 3607 sum
1011 3546 1161 3620 amicum,
1186 3545 1240 3624 qui
1258 3563 1343 3604 unus
1359 3562 1420 3622 pro
1436 3542 1583 3619 absente,
1607 3562 1669 3622 pro

172 3672 199 3713 so
214 3650 333 3725 intimo,
357 3671 417 3729 pro
441 3650 693 3711 ineruditissimo
717 3660 831 3712 contra
854 3659 904 3711 tot
920 3660 1109 3728 praesentes
1126 3658 1158 3710 et
1174 3649 1363 3726 superiores
1380 3655 1411 3708 et
1428 3645 1668 3707 eruditissimos

214 3757 333 3815 stares!
358 3754 387 3816 O
405 3755 491 3816 diem
509 3755 639 3830 laetum,
663 3755 750 3815 diem
768 3755 909 3830 beatum,
934 3754 1020 3814 diem
1038 3752 1270 3815 candidissimo
1291 3751 1486 3833 signandum
1497 3751 1521 3830 ⁸)
1545 3749 1668 3828 lapillo,

214 3860 244 3918 in
268 3879 335 3938 quo
359 3869 425 3920 tarn
448 3858 615 3937 praeclara
638 3858 766 3938 occepit
789 3857 949 3939 pullulare
972 3858 1120 3933 amicitia,
1153 3859 1183 3917 in
1208 3876 1273 3935 qua
1304 3855 1381 3916 mihi
1406 3855 1572 3917 bonorum
1598 3854 1668 3915 tha·

216 3962 319 4024 lassus
342 3965 526 4041 reponitur!
551 3960 612 4024 Cui
634 3982 696 4043 ego
720 3964 781 4023 nisi
803 3963 1041 4023 examussatim
1065 3961 1137 4037 (sict
1162 3960 1389 4040 respondeam,
1417 3978 1484 4020 non
1510 3958 1668 4038 Margites

216 4066 264 4126 vel
289 4064 472 4141 ClrorebuS,
495 4067 553 4128 sed
578 4087 708 4142 saxeus,
731 4067 790 4128 sed
815 4066 939 4127 lerreus
962 4086 1077 4127 essem.
1116 4062 1183 4125 Sed
1208 4064 1417 4126 reducendus
1441 4072 1490 4124 est
1513 4061 1668 4123 calculus·

175 4168 292 4247 raQuo
323 4172 407 4232 enirn
438 4182 471 4232 te
501 4170 631 4246 attollis,
662 4170 807 4232 calamel
845 4170 933 4231 Dum
967 4170 1127 4231 amicitiae
1163 4187 1290 4229 memor
1324 4187 1397 4229 esse
1420 4169 1476 4242 vis
1511 4166 1668 4226 humilem

216 4273 492 4354 epistolarumque
516 4275 623 4336 stilum
648 4275 859 4336 transcendis.
899 4274 999 4354 Igitur
1026 4274 1095 4333 istis
1119 4272 1229 4333 literae
1253 4282 1329 4333 tuae
1353 4280 1465 4333 ternae
1489 4270 1543 4331 illo
1568 4272 1667 4331 etiam

215 4387 248 4438 te
272 4377 438 4440 declarant
461 4380 602 4441 amicum
626 4378 706 4459 (sict,
730 4380 819 4460 quil)
844 4390 876 4438 et
900 4377 1073 4439 eruditioni
1097 4396 1197 4452 meae,
1225 4396 1310 4457 quae
1333 4375 1420 4437 nulla
1444 4385 1501 4450 est,
1526 4385 1558 4436 et
1583 4375 1667 4447 stilo,

303 4793 326 4862 ³)
344 4784 382 4845 R:
402 4793 447 4845 ait,

303 4879 324 4949 ⁴)
344 4867 380 4932 li:
399 4880 530 4932 iudicant.

304 4967 323 5033 ¹¹¹)
342 4955 378 5018 li:
399 4985 415 5016 v
435 4966 507 5018 obou
527 4965 693 5032 rukopiseclr

304 5054 323 5120 ⁰)
343 5041 379 5105 li:
405 5053 526 5104 doluisti.

305 5130 373 5208 ⁷)li.
394 5141 519 5207 plidrivlr:
542 5141 585 5191 vel
605 5139 686 5191 vitae.

304 5226 324 5292 8)
345 5215 381 5278 lt:
402 5228 561 5279 notandum.

304 5312 325 5377 υ)
343 5301 380 5364 lt:
400 5313 470 5380 quia.
