3674 5858
312 395 384 449 xtv.
404 397 435 449 R.
454 395 540 450 Pavlu
559 394 825 466 Saydlowieckemu.
845 428 877 437 -
895 398 956 452 XV.
975 397 1008 451 K.
1026 396 1207 452 Scheuerlovi
1228 396 1302 451 1500.
1502 397 1537 450 13

763 713 852 777 XIV.

436 849 583 923 Racek
612 849 747 925 Pavlu
776 849 1183 949 Szydlowieckemu.

167 1039 203 1106 (v
224 1039 354 1092 Bononll
374 1039 462 1094 1500
483 1068 514 1077 -
533 1054 551 1094 v
570 1035 686 1109 poste.)
702 1039 810 1110 Dekuje
829 1056 862 1095 za
880 1039 926 1094 list
943 1058 961 1093 v
974 1027 1055 1094 l'llme
1073 1039 1223 1110 obdrleny,
1242 1057 1259 1092 v
1278 1039 1359 1094 nemi
1375 1042 1538 1095 oznarnoval

76 1142 125 1177 mu
152 1125 236 1179 Pavel
262 1124 322 1194 aviij
342 1125 452 1179 odchod
476 1124 645 1179 zBononie.
682 1126 762 1181 ehtel
787 1128 838 1196 pry
861 1126 938 1180 dilve
963 1125 1000 1178 do
1024 1126 1152 1179 Bononia
1177 1143 1208 1179 se
1233 1125 1333 1190 vratiti,
1361 1128 1405 1181 ale
1424 1128 1538 1196 uslysev

75 1229 93 1265 o
113 1220 174 1264 torn
193 1212 281 1265 adstal
299 1229 317 1264 v
335 1199 416 1265 l'llme
435 1211 468 1266 al
487 1212 523 1265 do
542 1219 632 1281 postu.
669 1214 743 1284 Nynl
765 1213 856 1267 vrativ
873 1230 905 1267 se
929 1214 965 1267 do
984 1211 1111 1267 Bononia
1135 1211 1278 1282 schvaluje
1303 1212 1414 1266 odchod
1433 1212 1538 1266 Pavluv

75 1284 92 1351 ¹z
111 1298 297 1352 nevdedneho
315 1301 405 1352 mesta
417 1316 434 1353 a
446 1297 600 1368 oznamuje,
619 1299 652 1353 ie
665 1300 724 1353 sam
738 1317 771 1355 aa
783 1300 894 1355 nekolilt
907 1299 963 1364 dnl,
982 1299 1080 1369 prijma
1093 1299 1220 1369 odanalry
1233 1298 1364 1353 hodnosti
1377 1299 1535 1364 dolrtorslre,

75 1387 114 1440 do
132 1386 215 1440 vlasti
233 1402 264 1440 se
282 1385 401 1440 navratl.
420 1383 503 1455 (Liar.
521 1385 578 1440 titt.
598 1387 648 1441 cla.
666 1388 751 1455 XIX.)

95 1591 104 1603 “
167 1579 354 1644 Rodericus
368 1579 545 1644 Dubravus
566 1580 746 1645 clarissimo
766 1582 836 1645 viro
856 1580 957 1645 Paulo
973 1579 1170 1645 Ssidlovicio
1189 1601 1213 1644 s.
1234 1581 1265 1644 d.
1289 1580 1378 1644 Dum
1398 1582 1428 1646 in
1446 1582 1539 1647 Urbe

75 1705 197 1759 essem,
220 1684 268 1747 vir
289 1682 475 1764 clarissime3
497 1686 611 1767 accepi
634 1685 743 1749 literas
765 1695 848 1765 tuas,
871 1705 956 1767 quae
976 1685 1054 1750 mihi
1077 1685 1301 1768 periocundae
1322 1684 1470 1766 luerunt;
1493 1708 1537 1750 ex

75 1791 201 1872 quibus
217 1788 367 1872 cognovi,
390 1799 546 1870 quantam
568 1810 645 1872 erga
663 1810 717 1852 me
733 1790 970 1854 humanitatem
993 1798 1026 1853 et
1042 1788 1294 1852 benivolentiam
1315 1809 1395 1871 prae
1416 1799 1450 1853 te
1465 1788 1538 1868 fers,

76 1914 166 1978 quae
190 1893 269 1956 mihi
291 1892 496 1975 iampridem,
519 1894 600 1958 dum
616 1895 783 1958 Bononiae
806 1914 871 1958 una
893 1894 991 1957 literis
1014 1913 1151 1975 operam
1173 1893 1455 1976 impendebamus,
1481 1914 1538 1958 co·

76 2000 167 2081 gnita
190 2008 223 2060 et
246 2007 421 2078 perspecta
442 2006 520 2061 erat.
544 1998 598 2061 Ex
622 2019 689 2081 quo
713 1999 756 2077 fit,
779 2008 815 2062 ut
837 2000 895 2062 tibi
919 2018 1036 2081 magna
1058 2005 1092 2061 et
1114 1997 1363 2061 innumerabilia
1386 1997 1537 2076 debeam,
1562 2020 1578 2064 a

77 2104 113 2167 id
138 2102 229 2185 quod
253 2122 384 2183 semper
408 2084 515 2184 palam
539 2104 733 2185 praedicavi,
763 2124 824 2184 pro
848 2104 968 2184 quibus
992 2121 1045 2164 me
1076 2102 1134 2165 tibi
1157 2101 1348 2186 obligatum,
1378 2111 1539 2184 quantum

80 2207 189 2271 lacere
211 2227 358 2289 possum,
382 2207 549 2288 polliceor,
571 2227 613 2270 ne
636 2209 780 2290 ingratus
804 2226 876 2270 esse
891 2206 1011 2284 videar,
1034 2206 1126 2288 quod
1149 2206 1261 2269 vitium
1284 2207 1374 2286 apud
1397 2207 1539 2270 maiores

80 2321 217 2378 nostros
239 2312 467 2391 turpissimum
490 2331 563 2375 esse
587 2311 801 2375 indicabatur.
825 2311 948 2395 Magno
971 2318 1004 2373 et
1026 2310 1208 2374 incredibili
1231 2331 1305 2374 sum
1327 2311 1464 2374 affectus
1480 2310 1539 2376 do·

78 2416 160 2493 lore,
183 2435 283 2497 quarn
306 2399 450 2496 primum
474 2415 581 2478 audivi
604 2424 637 2478 te
656 2417 731 2478 hinc
754 2416 951 2479 discessisse.
976 2413 1140 2477 Volebam
1163 2414 1274 2478 adhuc
1298 2426 1373 2478 ante
1396 2415 1538 2497 quadra-

79 2520 240 2603 gesimam
269 2519 450 2583 Bononiam
480 2520 597 2597 venire,
628 2529 663 2583 ut
685 2529 796 2583 tecum
819 2521 918 2583 vitam
949 2518 1126 2582 iocundam
1156 2528 1256 2600 atque
1285 2518 1412 2582 felicem
1441 2538 1539 2602 agere
1553 2540 1580 2584 ro

77 2643 224 2706 possem,
258 2623 317 2686 sed
350 2632 527 2705 postquam
562 2624 604 2687 de
638 2633 697 2687 tuo
729 2640 861 2687 recessu
892 2622 1046 2700 intellexi,
1077 2624 1234 2705 quoniam
1264 2623 1342 2686 nihil
1372 2622 1540 2687 Bononiae

79 2728 192 2804 habui,
215 2729 309 2791 cuius
325 2747 378 2789 me
394 2727 593 2791 desiderium
610 2738 722 2791 tenere
737 2730 909 2808 potuisset,
928 2748 1034 2809 usque
1050 2727 1092 2790 ad
1109 2728 1395 2811 quadragesimam
1412 2728 1540 2792 Romae

79 2831 283 2894 manendum
302 2852 375 2894 esse
393 2833 501 2896 statui.
524 2831 639 2894 Paucis
661 2842 737 2895 ante
753 2832 879 2909 diebus,
902 2832 1022 2914 quibus
1038 2831 1098 2894 has
1120 2831 1232 2895 literas
1248 2832 1333 2911 dedi,
1356 2832 1539 2896 Bononiam

78 2932 192 3019 veni.¹)
223 2935 290 3000 Ubi
320 2936 493 3017 perspicio,
523 2956 623 3018 quarn
646 2936 827 3017 prudenter
850 2945 882 2999 et
906 2935 1073 3017 praeclare
1096 2937 1197 3020 egisti,
1220 2937 1313 3019 quod
1336 2937 1410 3000 hinc
1433 2936 1540 3000 abiisti

78 3050 182 3122 atque
204 3060 248 3102 ex
267 3040 393 3122 ingrata
416 3041 545 3103 civitate
561 3040 785 3104 recedendum
809 3042 939 3121 putasti,
962 3059 1048 3123 quae
1071 3049 1128 3104 tua
1143 3041 1263 3104 virtute
1285 3051 1385 3122 atque
1407 3060 1539 3104 morum
1553 3061 1579 3104 ts

77 3144 243 3228 elegantia
265 3153 315 3208 est
337 3154 516 3208 consecuta
544 3145 689 3209 honores
716 3144 947 3226 amplissimos.
982 3145 1056 3228 Ego
1079 3145 1177 3209 etiam
1208 3146 1292 3210 intra
1321 3164 1448 3228 paucos
1470 3145 1540 3210 dies

83 3249 282 3313 doctoratus
304 3249 486 3332 insignibus
509 3250 686 3331 assumptis
709 3250 742 3313 in
764 3250 903 3331 patriam
925 3247 1156 3334 proficiscar.²)
1187 3249 1280 3314 Vale.

775 3597 850 3662 XV.

479 3737 625 3812 Racek
652 3735 840 3813 Kristofu
871 3735 1156 3812 Scheuerlovi.

174 3926 211 3993 (V
232 3925 362 3980 Bononll
381 3925 491 3993 1500.)
509 3925 622 3980 Odmlta
640 3927 772 3981 altromne
791 3926 891 3980 chvhlu
909 3926 978 3979 sobe
990 3926 1126 3990 vzdanou,
1144 3925 1177 3980 ie
1190 3926 1262 3981 nade
1273 3926 1398 3996 vlechny
1411 3927 1540 3996 scholary

81 4011 235 4065 Bononslte
253 4029 288 4066 ve
307 4011 389 4066 alohu
407 4010 554 4065 latinshem
571 4012 684 4082 vynilul,
702 4030 719 4067 a
740 4013 831 4067 chvall
850 4012 993 4081 navzljem
1012 4013 1163 4067 adressata.
1194 4012 1283 4077 Prosl,
1301 4013 1356 4084 aby
1373 4031 1392 4066 v
1409 4012 1540 4068 ehvalenl

78 4097 148 4167 jeho
167 4115 199 4152 ae
218 4097 319 4152 mlrnil.
338 4098 418 4168 (Liat.
437 4098 494 4153 tiat.
513 4098 565 4153 cla.
584 4099 695 4168 XVIH.)

173 4292 358 4357 Rodericus
380 4292 561 4356 Dubravus
589 4290 796 4357 Christoloro
824 4290 984 4357 Scheuerl
1007 4291 1253 4377 Nornbergensi
1275 4314 1300 4358 s.
1324 4293 1356 4358 d.
1389 4291 1466 4358 Non
1488 4314 1542 4358 me

81 4397 173 4476 lallit,
196 4397 241 4460 mi
256 4394 468 4474 Christolore,
491 4407 614 4480 quanta
629 4417 683 4461 me
698 4397 930 4479 complectaris
950 4397 1175 4475 benivolentia,
1198 4397 1230 4460 id
1247 4398 1339 4480 quod
1356 4418 1423 4462 non
1438 4398 1541 4463 modo

80 4519 250 4582 praesens,
279 4520 393 4564 verum
416 4501 514 4564 etiarn
542 4503 661 4565 absens
684 4522 720 4564 re
742 4503 813 4583 ipsa
843 4503 991 4585 cognovi.
1024 4502 1105 4585 Legi
1128 4502 1237 4566 literas
1262 4512 1338 4566 tuas
1360 4504 1538 4567 verborum
1551 4533 1580 4578 ω

81 4603 263 4686 splendore
293 4604 517 4688 uberibusque
547 4606 714 4670 sententiis
744 4606 961 4684 abundantes,
999 4607 1121 4689 quibus
1150 4616 1282 4688 praeter
1314 4606 1420 4671 officia
1449 4609 1539 4671 beni-

80 4709 246 4774 volentiae
264 4716 341 4772 tuae
360 4729 460 4792 quarn
476 4709 684 4790 amplissimis
700 4710 852 4790 laudibus
868 4730 921 4773 me
936 4711 1071 4794 dignum
1087 4731 1160 4774 esse
1176 4711 1352 4789 existimas,
1367 4713 1539 4793 perspicio.

82 4813 220 4878 Tribuis
243 4813 321 4875 mihi
344 4834 391 4890 ea,
414 4833 508 4894 quae,
532 4813 612 4876 dum
636 4814 713 4877 mihi
736 4815 802 4877 vita
824 4824 987 4897 suppetet,
1010 4816 1141 4897 assequi
1164 4835 1231 4879 non
1254 4826 1380 4896 potero.
1411 4816 1542 4895 Nescio,

82 4916 258 5000 quomodo
289 4916 367 4980 nulli
390 4917 532 4981 scholari
553 4916 721 4981 Bononiae
751 4919 783 4981 in
807 4918 905 4982 literis
934 4920 1038 4983 latinis
1070 4940 1143 4982 sum
1171 4921 1347 4998 secundus,
1376 4940 1452 4984 cum
1475 4940 1542 4984 non

172 5141 195 5211 ¹)
212 5140 275 5196 Liat
292 5141 364 5211 pedu
381 5140 457 5195 tudli
474 5158 493 5193 v
510 5141 631 5196 Bononii
649 5160 667 5195 v
685 5145 764 5210 poste
783 5160 808 5196 r.
822 5141 897 5196 1500.
917 5141 957 5196 Co
969 5141 1086 5211 piimelo
1106 5142 1190 5197 Pavla
1209 5142 1226 5195 k
1240 5141 1368 5196 odchodu
1380 5158 1396 5196 z
1408 5141 1536 5196 Bononie

83 5230 139 5284 zda
157 5229 229 5282 snad
243 5227 316 5293 jaste
335 5227 471 5295 nasledky,
486 5227 588 5282 minule
607 5227 693 5282 houle
713 5229 886 5293 studentakd,
905 5229 1023 5284 nevlme.

173 5316 195 5386 ²)
214 5316 264 5370 Ale
284 5314 364 5369 vratil
383 5331 414 5369 se
432 5316 465 5369 ai
483 5315 524 5369 asi
542 5333 575 5370 za
593 5316 650 5370 rok.
