3674 5858
378 398 471 455 Racek
489 399 601 453 Petrovi
620 400 655 453 de
674 399 833 454 Canonicis.
853 431 883 440 -
904 401 935 454 R.
955 401 1024 455 Βοὴ.
1046 401 1224 456 zLoblrovic
1245 400 1319 455 1501.
1543 404 1575 456 19

807 718 892 781 XXl.

504 874 650 948 Racek
679 874 850 951 Petrovi
879 875 930 949 de
960 874 1197 949 Canonicis.

206 1060 324 1129 (1501.)
343 1060 450 1130 Delruje
468 1078 501 1115 za
520 1061 630 1116 velikou
646 1062 712 1131 jeho
731 1063 880 1126 laslrnuost,
899 1082 912 1116 s
933 1064 1028 1117 kterou
1047 1080 1064 1115 v
1083 1063 1182 1117 listech
1199 1062 1287 1132 jiny'm
1307 1065 1458 1132 poslanych
1481 1066 1574 1119 Racka

116 1146 259 1212 pocbvdlil
277 1163 294 1200 a
312 1147 465 1216 doporucil.
485 1147 568 1215 tLlst.
586 1149 645 1202 list.
664 1149 714 1202 tls.
733 1150 803 1219 Xll.)

206 1323 392 1387 Rodericus
414 1324 592 1388 Dubravus
623 1325 665 1388 ad
690 1326 824 1390 Petrum
855 1327 896 1389 de
920 1325 1101 1403 Canonicis,
1133 1326 1240 1408 legum
1268 1326 1441 1389 doctorem
1465 1327 1573 1390 Bono·

116 1428 296 1504 niensem¹)
323 1448 346 1491 s.
378 1427 409 1490 d.
445 1427 522 1491 Non
553 1448 687 1509 parvam
718 1430 827 1492 animo
858 1429 1042 1493 molestiam
1074 1431 1178 1509 capio,
1216 1432 1263 1493 vir
1291 1432 1574 1510 praestantissime,

116 1550 194 1592 cum
216 1532 314 1594 tantis
342 1532 375 1593 in
398 1552 450 1594 me
474 1532 600 1595 collatis
623 1532 789 1595 beneficiis
819 1533 876 1594 tibi
900 1553 953 1595 me
982 1535 1026 1596 ita
1049 1533 1228 1615 obligatum
1260 1554 1333 1597 esse
1356 1535 1508 1617 intelligo,
1538 1546 1574 1597 ut

116 1644 254 1715 propter
269 1644 327 1697 tua
343 1634 449 1697 divina
465 1645 565 1717 atque
588 1637 784 1699 immortalia
805 1638 920 1699 merita
934 1657 976 1700 ne
1000 1637 1120 1700 relerre
1136 1638 1269 1718 quidem
1285 1640 1422 1720 gratiam
1439 1640 1572 1719 possim.

116 1735 203 1800 Cum
226 1736 283 1800 diu
306 1739 396 1818 apud
419 1749 453 1801 te
475 1738 619 1816 fuissem,
649 1760 715 1803 non
739 1741 841 1804 modo
870 1742 958 1804 bona
981 1743 1131 1822 corporis
1162 1743 1219 1804 sed
1243 1744 1342 1804 etiam
1366 1744 1453 1805 bona
1476 1743 1573 1805 animi
1599 1755 1613 1795 5

115 1843 148 1903 in
172 1862 225 1904 me
249 1842 397 1906 conlerre
427 1862 494 1905 non
517 1845 686 1907 recusasti.
719 1843 886 1924 Scripsisti
909 1846 952 1908 de
980 1866 1032 1907 me
1055 1846 1097 1909 ad
1129 1845 1306 1927 plerosque
1337 1846 1452 1924 literas,
1483 1846 1572 1928 apud

116 1966 203 2027 quos
225 1956 281 2008 tua
305 1956 355 2008 est
378 1949 524 2009 maxima
547 1950 743 2026 auctoritas;
775 1950 807 2010 in
830 1950 880 2011 his
902 1970 968 2012 non
1000 1951 1102 2012 modo
1125 1970 1178 2011 me
1201 1951 1248 2012 eis
1271 1951 1572 2013 commendandum

116 2049 250 2124 duxisti,
282 2051 462 2114 sedetiam
494 2051 645 2114 laudibus
675 2072 797 2114 nomen
827 2073 938 2116 meum
970 2053 1158 2119 celebrasti;
1189 2075 1232 2117 ex
1259 2075 1326 2136 quo
1350 2055 1393 2131 fit,
1424 2065 1460 2118 ut
1483 2066 1572 2118 tanta

114 2155 179 2215 sint
202 2164 259 2215 tua
283 2155 315 2217 in
338 2175 391 2217 me
414 2157 537 2232 merita,
569 2165 605 2218 ut
626 2157 683 2218 tibi
712 2156 898 2219 satisfacere
921 2177 1087 2240 nunquam
1111 2169 1228 2238 potero
1251 2156 1335 2242 (sic).
1370 2159 1439 2222 Erit
1462 2169 1573 2221 tamen

115 2268 192 2319 tuae
219 2257 429 2322 humanitatis
460 2280 527 2324 non
558 2280 650 2322 meae
680 2261 899 2342 ingratitudini
930 2262 987 2324 sed
1018 2272 1151 2325 tuorum
1183 2263 1417 2327 beneficiorum
1448 2265 1570 2346 magni·
1588 2273 1613 2313 ¹⁰

114 2363 219 2424 tudini
243 2363 276 2425 id
292 2364 445 2426 tribuere.
469 2361 504 2426 Si
520 2365 599 2446 quid
623 2375 672 2426 est
688 2365 778 2445 apud
802 2384 864 2442 me,
887 2367 977 2445 quod
996 2367 1113 2428 honori
1128 2376 1161 2429 et
1185 2367 1310 2431 utilitati
1328 2378 1404 2429 tuae
1427 2367 1572 2430 luturum

114 2477 221 2545 putes,
244 2463 278 2526 id
301 2478 334 2529 et
358 2466 517 2547 polliceor
541 2477 573 2531 et
596 2466 719 2531 deiero.
743 2468 837 2530 Vale.

796 2763 898 2827 XXII.

456 2920 603 2995 Racek
631 2917 925 2994 Bohuslavovi
953 2944 976 2993 z
1005 2920 1238 2993 Lobkovic.

346 3058 540 3141 (Dedikacnl
572 3061 623 3122 list
656 3063 743 3140 spisu
784 3060 853 3123 »De
888 3060 1125 3140 componendis
1158 3058 1346 3140 epistolis‹.)

202 3245 309 3316 (1601.)
340 3246 444 3301 Pisatel
467 3248 659 3318 nevyhleddvi
682 3265 717 3316 po
740 3248 864 3317 pllldadu
889 3247 985 3317 jinych
1015 3248 1165 3300 dedikantll
1193 3249 1286 3315 pilzne
1315 3248 1510 3314 Bohuslavovy
1539 3265 1572 3300 za

109 3334 223 3385 deelem
242 3332 372 3403 zibtnym,
397 3334 430 3387 ab
454 3333 607 3405 kdyby‘na
626 3337 697 3388 neco
715 3333 883 3402 podobneho
909 3334 1009 3402 myslil,
1034 3335 1116 3387 hlede
1140 3334 1155 3386 k
1175 3336 1319 3402 pomerum
1343 3334 1570 3402 Bohuslavovpm

108 3421 186 3473 smel
203 3419 240 3489 by
259 3437 289 3473 se
307 3420 432 3474 dobreho
451 3422 586 3491 vpsledlru
605 3422 712 3474 snadno
732 3421 827 3487 nadlti‚
847 3420 932 3490 nybri
946 3420 1045 3488 venuje
1065 3423 1113 3490 pr>l
1128 3437 1173 3473 mu
1187 3420 1244 3488 spis
1258 3420 1316 3487 svllj
1328 3419 1439 3487 jakolto
1454 3439 1472 3473 v
1484 3420 1570 3474 oboru

107 3506 257 3576 rhetoriky
275 3506 390 3576 nejvpse
413 3507 612 3577 vynilrajlclmu
636 3507 797 3576 vytecnlku,
822 3524 858 3561 na
880 3507 962 3575 jehol
981 3508 1089 3560 usudlru
1114 3524 1160 3559 mu
1186 3506 1270 3559 velmi
1296 3507 1390 3560 zaleil.
1423 3509 1476 3575 (Na
1501 3507 1571 3561 rubu

108 3593 247 3647 titulnlho
266 3593 332 3647 listu
351 3596 455 3648 svrchu
473 3595 638 3648 uvedeneho
661 3594 738 3662 spisu
758 3594 909 3660 Rackova.)
1631 3584 1636 3593 ⁸

204 3805 386 3869 Rodericus
410 3804 589 3869 Dubravus
612 3806 655 3868 de
671 3806 805 3868 Boemia
828 3807 871 3869 ad
895 3806 1110 3869 clarissimum
1134 3807 1237 3868 virum
1255 3805 1478 3867 Bohuslavum
1503 3805 1569 3867 Ha·

108 3912 295 3973 sistensem.
329 3907 526 3990 Complures
549 3920 581 3972 et
605 3910 739 3992 quidem
763 3911 821 3971 viri
851 3910 1032 3974 doctissimi
1057 3910 1157 3971 libros
1180 3929 1258 3971 suos
1288 3919 1345 3971 aut
1368 3910 1571 3989 principibus

107 4023 172 4078 aut
195 4015 320 4078 civibus
342 4014 517 4091 nobilibus,
544 4015 663 4097 quibus
687 4035 768 4095 opes
791 4015 988 4095 divitiaeque
1011 4015 1150 4096 insignes
1173 4023 1256 4089 sunt,
1280 4013 1433 4076 dedicare
1456 4014 1570 4089 solent,
1587 4038 1610 4079 ra

108 4139 182 4182 non
206 4128 242 4182 ut
264 4140 323 4183 eos
344 4120 470 4182 iudices
500 4119 626 4196 iaciant,
657 4119 715 4182 sed
740 4129 923 4194 uteorum,
955 4139 1039 4200 quos
1062 4118 1263 4180 immortales
1293 4116 1400 4180 lacere
1423 4117 1570 4194 credunt,

107 4242 265 4287 amorem
288 4232 477 4304 procurent,
507 4243 526 4285 a
550 4223 671 4305 quibus
694 4233 727 4284 et
749 4222 893 4285 honores
915 4232 947 4286 et
971 4242 1052 4304 opes
1075 4243 1110 4284 se
1133 4223 1263 4303 assequi
1285 4222 1490 4284 arbitrantur.
1526 4221 1569 4282 Hi

107 4326 266 4410 prolecto
282 4348 349 4391 non
364 4328 466 4391 modo
490 4338 682 4409 appetentes
699 4329 912 4407 pecuniarum
934 4336 1115 4402 censentur,
1136 4346 1251 4388 verum
1268 4327 1366 4388 etiam
1381 4325 1570 4387 adulatores

106 4433 308 4496 iudicantur.
339 4432 390 4495 Te
412 4442 532 4507 autem,
556 4431 748 4508 Bohuslave‚
771 4432 818 4492 vir
841 4431 1127 4512 praestantissime,
1151 4431 1202 4491 cui
1226 4449 1335 4491 meum
1360 4428 1504 4491 libellum
1529 4429 1570 4491 de

106 4535 297 4599 scribendis
319 4534 466 4616 epistolis
489 4535 686 4610 dedicarem,
709 4535 925 4614 praecipuum
948 4533 1138 4610 existimavi,
1162 4533 1252 4614 quod
1277 4534 1435 4595 memoria
1458 4543 1570 4595 nostra
1585 4558 1611 4599 ao

106 4658 225 4702 arcem
256 4638 463 4720 eloquentiae
488 4647 587 4715 tenes,
619 4658 717 4719 quem
749 4639 774 4701 si
806 4638 925 4700 iudicio
956 4647 1014 4698 tuo
1045 4637 1280 4719 comprobabis
1310 4647 1343 4698 et
1373 4657 1448 4698 euni
1479 4636 1569 4700 nullo

106 4744 192 4807 vitio
216 4745 474 4807 contaminatum
497 4742 596 4818 dices
627 4742 720 4805 facile
743 4742 821 4804 mihi
845 4741 1053 4821 persuadebo
1078 4740 1242 4823 egregiam
1266 4761 1401 4803 navasse
1423 4760 1568 4820 operam,

103 4846 202 4928 Quid
225 4848 251 4910 si
274 4848 433 4927 pecuniae
454 4847 569 4909 avidus
592 4866 707 4918 essem,
734 4846 868 4908 honoris
891 4855 947 4907 aut
970 4846 1092 4926 gloriae
1116 4845 1264 4924 cupidus,
1295 4864 1361 4906 non
1385 4855 1441 4905 tua
1465 4865 1567 4923 opera

104 4965 216 5032 atque
237 4951 375 5014 consilio
397 4970 465 5014 non
487 4951 590 5014 modo
614 4971 697 5030 opes
727 4951 785 5012 sed
810 4951 906 5012 etiam
930 4949 1073 5011 honores
1096 4951 1224 5029 assequi
1250 4968 1392 5028 possem,
1423 4968 1497 5010 curn
1522 4949 1569 5009 vir

197 5140 216 5205 1)
234 5140 276 5191 Ρο
295 5139 356 5207 cely
375 5140 424 5192 das
443 5137 549 5208 pobytu
568 5140 699 5191 Raclrova
717 5154 735 5188 v
753 5137 873 5190 Bononii
892 5137 938 5205 byl
958 5145 1035 5190 tento
1054 5138 1121 5189 Petr
1133 5137 1258 5203 plednim
1279 5135 1397 5203 legistou
1412 5152 1447 5186 na
1460 5133 1569 5186 univer-

102 5228 174 5282 site.
199 5225 348 5278 Ponevadi
366 5225 413 5279 list
432 5225 482 5279 nas
501 5223 636 5292 obsahuje
656 5224 721 5294 dllry
745 5242 778 5277 za
796 5225 878 5277 cetna
898 5222 1077 5292 doporudenl¹
1102 5240 1119 5275 a
1143 5222 1313 5289 doporutenl
1338 5229 1365 5273 ta
1390 5219 1568 5289 nejvhodneji

102 5316 184 5370 dana
202 5312 261 5381 byn
282 5311 376 5365 mohla
394 5328 431 5364 na
449 5309 531 5365 lionci
551 5311 636 5364 studil
655 5312 834 5381 Rackovych,
857 5311 982 5364 klademe
1003 5310 1048 5362 list
1067 5327 1103 5362 na
1122 5326 1142 5361 r.
1164 5308 1239 5360 1501.

1377 5429 1410 5481 2:11
