3652 5858
566 435 685 504 Plseclqi
702 437 773 506 Janu
791 435 984 507 Taborslremu
1003 435 1080 490 1506.
1512 439 1547 494 35

89 649 201 709 mistio
213 645 236 729 ¹)
259 659 392 709 auctore
414 646 597 710 edocemur.
643 645 709 710 Sed
733 650 887 727 quoniam
910 659 1079 728 tantopere
1110 649 1290 714 Platonicos
1313 664 1491 734 extorques
1514 664 1545 714 et

88 771 207 814 necem
231 752 287 814 tibi
311 752 450 829 minaris
470 752 546 813 audi
568 753 678 832 itaque
701 750 865 815 Platonica
890 755 1044 832 mysteria
1067 765 1099 815 et
1122 754 1253 816 attende
1271 755 1412 837 quidem.
1438 755 1543 838 Argu-

89 866 256 919 mentatur
288 854 440 919 Socrates
473 855 561 934 apud
594 854 761 917 Platonem
795 857 826 916 in
861 855 1043 929 Phaedone,
1054 857 1078 933 ε)
1119 856 1308 921 auctoritate
1342 860 1544 939 potissimum

89 958 235 1039 Orphica
265 962 368 1033 nixus,
398 960 561 1039 inquiens:
602 956 691 1022 »Sub
723 958 800 1041 Jove
830 962 1026 1022 constitutos
1061 958 1218 1038 Dionysio
1246 961 1379 1026 Titanes
1410 964 1544 1043 quidem

90 1065 258 1125 ministros
287 1062 391 1136 luisse,
423 1064 476 1142 qui
504 1063 648 1140 persuasi
678 1082 698 1123 a
717 1062 845 1144 Junone
875 1063 1011 1125 laniasse
1038 1060 1230 1142 Dionysium
1254 1065 1426 1149 finguntur,
1447 1078 1545 1148 atque
1571 1083 1585 1124 5

89 1166 168 1230 ideo
191 1189 210 1228 a
229 1166 310 1248 Jove
333 1165 498 1241 fulminati,
521 1183 661 1245 quorum
684 1185 728 1227 ex
743 1167 875 1229 fulmine
899 1169 1056 1249 progeniti
1080 1167 1237 1243 homines,
1261 1170 1304 1232 ita
1327 1180 1362 1231 ut
1380 1183 1411 1233 et
1427 1191 1545 1252 corpus

90 1271 270 1337 humanum
293 1273 333 1333 sit
355 1289 429 1351 pars
451 1268 637 1348 Dionysiaci
660 1272 813 1350 corporis,
845 1272 935 1351 quod
964 1270 1095 1350 quidem
1119 1274 1149 1333 in
1172 1291 1210 1333 ea
1235 1276 1376 1353 positum
1399 1276 1546 1338 custodia

89 1378 191 1439 debet
214 1378 450 1458 obtemperare,
472 1386 628 1457 quantum
652 1375 692 1438 illi
716 1375 885 1454 Dionysio,
917 1387 948 1437 et
975 1394 1180 1456 nequaquam
1214 1379 1273 1439 nisi
1301 1381 1388 1440 iussu
1418 1398 1460 1440 ex
1483 1379 1545 1442 bac

87 1500 126 1542 se
149 1480 288 1542 alienare
311 1480 485 1543 custodia«
523 1480 589 1545 Sed
612 1481 690 1561 quid
714 1479 964 1542 obscuritatibus
994 1477 1144 1543 Socrates
1166 1480 1290 1563 agitur?
1326 1482 1414 1544 Audi
1438 1482 1544 1545 Philo·

87 1584 180 1647 laum
201 1584 343 1664 apertius
364 1585 423 1646 ista
446 1584 708 1648 confirmantem:
737 1583 806 1645 »Ne
829 1583 952 1645 dividas
975 1584 1091 1665 (inquit
1105 1582 1279 1663 Philolaus)
1302 1586 1335 1646 in
1349 1588 1399 1647 via
1414 1586 1545 1670 lignum,
1560 1601 1585 1644 ro

88 1708 134 1750 ne
156 1689 281 1751 dividas
303 1708 420 1768 corpus
442 1689 485 1750 ab
507 1689 614 1751 anima
636 1691 668 1751 iu
690 1689 761 1770 ipso
784 1688 890 1749 adhuc
905 1690 987 1749 virae
1002 1688 1107 1766 spatio
1123 1688 1166 1749 ad
1182 1690 1266 1749 viam
1283 1688 1379 1750 finem
1396 1689 1544 1753 habente.

92 1792 195 1873 Quod
225 1793 369 1855 Plotinus
399 1806 496 1873 atque
529 1791 727 1872 Porphyrius
753 1793 988 1874 pugnacissime
1017 1791 1168 1865 defendit,
1197 1804 1228 1853 et
1259 1792 1444 1855 Macrobius
1472 1792 1545 1856 illos

90 1899 238 1960 imitatus
261 1907 371 1976 aperte
394 1908 427 1958 et
456 1897 572 1958 fatetur
595 1908 627 1958 et
650 1897 824 1975 praedicat,
852 1895 937 1957 nulla
961 1895 1147 1957 conditione
1170 1895 1240 1958 illos
1263 1915 1480 1972 concessuros,
1509 1908 1543 1960 ut

89 2002 152 2063 sibi
176 2003 348 2083 quisquam
371 2019 486 2062 manus
502 1999 621 2062 inierat.
646 1999 731 2061 Ecce
746 1998 970 2079 philosophos,
992 2018 1066 2060 ecce
1082 1999 1237 2073 ethnicos,
1261 2002 1361 2061 immo
1377 1998 1426 2081 (ut
1440 2003 1544 2063 verius

87 2105 217 2186 loquar)
246 2107 278 2166 in
301 2105 361 2168 hac
391 2116 482 2185 parte
511 2104 686 2167 catholicos
719 2105 811 2177 viros,
842 2103 921 2183 quid
952 2114 983 2164 te
1007 2102 1110 2165 moliri
1134 2103 1315 2182 perhibenti
1353 2102 1462 2166 Taceo
1486 2103 1543 2167 tibi
1559 2121 1583 2163 rs

88 2210 248 2272 moralem
271 2209 519 2289 philosophiam,
542 2220 636 2271 taceo
659 2208 798 2269 divinam
815 2206 900 2268 illam
924 2217 956 2268 et
978 2209 1176 2271 verissimam
1191 2218 1224 2269 et
1239 2208 1425 2270 altissimam
1442 2208 1546 2287 philo·

86 2313 248 2395 sophiam,
282 2332 381 2394 quarn
410 2313 470 2374 nisi
503 2311 755 2392 posthabuisses,
787 2323 834 2373 tot
865 2311 956 2372 malis
987 2325 1154 2392 correptus
1188 2331 1395 2394 nequaquam
1425 2314 1546 2375 luisses.

85 2416 131 2481 Et
154 2419 262 2480 nescio
285 2436 326 2479 au
349 2417 412 2480 tuis
434 2416 733 2496 perturbationibus
756 2415 921 2493 levaberis,
952 2418 1011 2477 nisi
1038 2435 1113 2478 cum
1140 2415 1226 2478 illam
1248 2427 1319 2479 tum
1342 2416 1546 2479 tremendum

85 2521 171 2583 illius
192 2531 359 2583 auctorem
382 2520 595 2582 veneraberis.
620 2518 680 2580 Dic
703 2521 789 2581 enim
812 2538 945 2600 quaeso,
969 2519 1047 2600 quid
1071 2531 1180 2581 movet
1196 2520 1309 2582 fortius
1325 2530 1358 2583 et
1373 2521 1545 2602 persuadet

87 2643 190 2708 quam
212 2642 376 2687 sacrarum
399 2623 494 2686 lectio
519 2621 699 2685 literarum?
735 2620 811 2684 Non
835 2634 977 2696 movent,
1007 2642 1074 2685 non
1097 2624 1302 2703 persuadent,
1331 2625 1389 2686 sed
1413 2635 1585 2707 cogunt‚so

86 2731 218 2812 agitant,
248 2727 312 2789 vim
343 2727 482 2789 inserunt
511 2726 590 2808 legis
621 2726 713 2787 rudia
741 2726 839 2787 verba
872 2736 903 2787 et
931 2729 1076 2809 agrestia,
1110 2726 1168 2789 sed
1199 2728 1277 2802 viva,
1311 2728 1369 2789 sed
1392 2730 1544 2804 animata,

86 2830 247 2908 flammea,
269 2830 424 2904 aculeata,
448 2831 490 2892 ad
514 2833 613 2892 imum
646 2831 792 2909 spiritum
817 2831 1027 2910 penetrantia,
1057 2830 1223 2893 hominem
1253 2843 1360 2895 totum
1382 2841 1545 2912 potestate

87 2935 225 2999 mirabili
255 2933 524 2998 transformantia.
571 2932 645 2997 Non
673 2953 735 3016 ego
767 2933 846 2996 haec
876 2934 1001 3016 loquor,
1031 2937 1132 2997 immo
1164 2954 1239 2997 vero
1270 2937 1341 3016 quis
1364 2955 1429 2998 non
1454 2936 1543 2998 theo-

85 3040 237 3122 logorum
262 3037 428 3111 declamat,
462 3040 635 3117 praecipue
666 3058 768 3119 quum
798 3037 915 3100 Paulus
946 3042 1091 3101 omnium
1122 3040 1212 3102 facile
1242 3042 1364 3120 primus
1394 3041 1480 3102 dicat
1501 3040 1544 3101 ad

86 3143 324 3205 Philemonem:
351 3140 484 3204 »Omnis
507 3144 661 3222 scriptura
684 3143 834 3207 divinitus
857 3145 1010 3223 inspirata
1032 3143 1117 3204 utilis
1146 3154 1196 3205 est
1218 3144 1260 3205 ad
1283 3143 1477 3218 docendum,
1501 3144 1543 3205 ad
1557 3159 1583 3201 as

83 3248 297 3330 arguendum,
320 3247 364 3309 ad
386 3247 631 3325 corripiendum,
654 3248 697 3309 ad
721 3247 933 3309 erudiendum
950 3248 981 3307 in
998 3249 1122 3321 iustitia,
1146 3258 1180 3308 ut
1203 3246 1364 3326 perfectus
1386 3250 1426 3310 sit
1441 3248 1542 3309 homo

84 3354 147 3415 Dei
170 3352 212 3414 ad
235 3369 334 3413 omne
357 3368 441 3429 opus
465 3350 588 3413 bonum
612 3352 814 3414 instructus«
864 3351 906 3414 Ut
930 3352 1025 3432 igitur
1050 3351 1106 3412 tibi
1130 3351 1183 3413 tali
1206 3350 1358 3413 consulas
1389 3351 1542 3426 remedio,

83 3458 129 3519 ita
145 3469 177 3519 te
192 3455 358 3530 exhortor,
382 3462 418 3516 ut
441 3458 495 3535 qui
512 3457 665 3536 maxime,
683 3457 724 3516 ita
741 3475 808 3527 oro,
832 3466 867 3517 ut
884 3457 937 3534 qui
953 3457 1236 3535 impatientissime.
1260 3455 1542 3518 Persuasissimum

85 3563 175 3622 enim
197 3559 272 3621 mihi
295 3570 354 3636 est,
386 3569 421 3621 ut
444 3557 525 3621 illius
548 3559 705 3622 beneficio
729 3570 760 3622 te
782 3571 832 3620 rot
855 3559 1103 3639 tempestatibus
1132 3559 1283 3621 iactatum
1307 3569 1339 3620 et
1363 3577 1446 3637 pene
1468 3576 1542 3620 nau·

84 3664 211 3747 fragum
236 3664 321 3726 brevi
345 3673 377 3724 et
399 3662 491 3724 facile
513 3665 666 3726 reducem
689 3664 825 3725 videam.
858 3662 981 3725 Dedisti
1006 3662 1082 3724 mihi
1106 3662 1288 3744 generalem
1312 3672 1345 3724 et
1368 3662 1582 3724 confusumao

85 3769 248 3846 morbum,
270 3768 315 3830 do
337 3779 369 3829 et
392 3785 455 3849 ego
478 3768 533 3831 tibi
557 3768 724 3850 generales
750 3767 962 3846 pharmacias.
1001 3766 1051 3828 Tu
1075 3770 1100 3828 si
1124 3767 1255 3829 meliora
1278 3777 1311 3829 et
1333 3767 1543 3848 singulariora

85 3872 294 3945 desiderabis,
317 3870 366 3932 fac
388 3871 549 3934 calamum
573 3885 604 3934 et
628 3875 772 3933 animum
795 3872 981 3932 admoveas.
1007 3870 1088 3931 Nam
1110 3889 1162 3932 me
1179 3872 1209 3931 in
1226 3870 1394 3932 reddendo
1411 3888 1543 3931 munere

84 3977 261 4056 experieris
283 3976 344 4036 etsi
375 3975 497 4047 rudem,
529 3979 587 4038 etsi
611 3975 775 4049 incultum,
807 3976 864 4037 sed
888 3976 1068 4056 impigrum,
1097 3974 1156 4035 sed
1179 3973 1310 4035 minime
1331 3985 1536 4037 cessatorem.

85 4079 179 4154 Vale,
200 4090 232 4141 et
254 4081 376 4141 ratione
399 4089 435 4141 ut
457 4081 580 4141 ratione
604 4091 702 4141 utere.
728 4078 778 4140 Mo
793 4076 839 4139 D⁰
855 4077 915 4139 Vl⁰
937 4076 1026 4159 (idus
1045 4076 1180 4159 Junii).³)

86 4236 295 4246 *-

176 4319 197 4387 ¹)
215 4317 332 4388 Plaeclry
351 4319 451 4387 poznal
473 4318 570 4387 zajiste
595 4318 687 4386 naulry
712 4326 741 4386 ty
765 4334 797 4371 ze
822 4317 913 4385 spisu:
936 4316 1083 4370 Themistii
1110 4315 1280 4384 peripatetici
1307 4313 1485 4383 Paraphrasis
1504 4313 1533 4366 in

84 4405 242 4476 posteriora
260 4405 415 4459 Aristotelis
434 4413 488 4460 etc.
516 4407 592 4475 (taire
612 4405 639 4459 in
658 4404 743 4459 libros
762 4405 796 4457 de
815 4403 921 4471 anima)
940 4405 1093 4458 Hermolao
1106 4403 1227 4456 Barbaro
1241 4402 1397 4470 interprete.
1416 4400 1535 4455 Tarvisii

88 4491 155 4544 1481
175 4508 193 4545 a
207 4491 279 4558 jeste
298 4492 414 4546 dvakrat
432 4509 449 4544 v
467 4494 528 4546 XV.
547 4494 609 4545 stol.

175 4595 285 4663 ¹)Tato
299 4594 346 4663 jak
364 4614 394 4649 se
412 4596 464 4650 zda
482 4596 630 4666 popletena
649 4594 710 4663 btJ'e
732 4595 795 4647 neni
815 4612 848 4646 ve
868 4593 1031 4646 Faidonovi.
1065 4594 1180 4646 Platona
1203 4593 1265 4645 znal
1291 4590 1410 4661 Piseclry
1435 4591 1544 4644 tenlrrat

86 4685 184 4735 ovdem
203 4682 290 4736 tolilro
308 4699 324 4736 z
342 4683 461 4753 vykladll
480 4683 603 4737 Massilia
625 4682 731 4745 Ficina‚
755 4682 831 4735 lrtere
855 4680 926 4749 jeste
949 4697 967 4731 v
991 4681 1050 4733 XV.
1069 4680 1131 4733 stol.
1155 4678 1256 4732 tislrem
1282 4679 1362 4748 vyily
1388 4677 1544 4739 (Platonica

85 4768 265 4840 philosophia
291 4770 325 4823 de
344 4769 501 4823 animorum
533 4768 741 4823 immortalitate
768 4787 802 4821 ve
827 4765 954 4820 Florenci
981 4766 1049 4818 1482
1073 4784 1089 4819 a
1114 4764 1323 4819 Commentario
1350 4764 1379 4819 in
1398 4766 1542 4819 Platonem

87 4873 105 4909 v
124 4855 287 4910 Benatlrach
309 4856 396 4925 1496).

175 4959 196 5027 ³)
215 4959 307 5012 Tento
326 4960 445 5028 plipiselr
465 4960 590 5028 piieinen
610 4978 626 5011 v
645 4960 702 5027 rlrp.
722 4959 838 5028 pozdeji,
857 4959 900 5012 ale
919 4959 970 5010 zdrl
989 4976 1027 5023 se,
1047 4957 1078 5009 ie
1097 4958 1219 5025 pbvodni
1238 4958 1325 5010 rulrou
