3674 5858
315 420 351 475 84
676 417 809 472 Erasmus
828 417 1051 488 Roterodamalry
1074 420 1144 489 Janu
1165 405 1310 475 Slechtovi
1330 419 1406 477 1519.

315 651 438 708 censes,
461 633 507 695 sic
530 629 625 693 velim
653 649 725 692 esse
749 629 898 708 primam,
928 637 964 690 ut
995 630 1125 692 unicam
1156 651 1228 694 esse
1261 635 1400 712 cupiam.
1445 633 1535 714 Quid
1557 638 1644 699 enim
1668 640 1772 721 magis

314 735 441 799 accedit
462 733 505 797 ad
529 733 704 814 imaginem
727 733 878 795 coelestis
901 733 1110 807 hierarchiae,
1133 755 1233 816 qnam
1250 745 1285 799 ut
1301 736 1436 817 digestis
1453 737 1624 802 ordinibus
1640 761 1771 803 summa

315 841 428 902 redeat
458 837 501 900 ad
529 855 640 914 unum,
670 845 726 899 aut
754 855 840 917 quae
871 856 923 898 res
953 836 1062 899 utilior
1093 839 1135 900 ad
1159 839 1369 903 excludenda
1398 841 1513 902 mundi
1544 843 1698 906 dissidia?
1737 842 1773 907 Si

315 945 470 1023 princeps
500 941 662 1023 quispiam
692 938 900 1019 tyrannidem
931 940 1094 1017 moliatur,
1124 944 1288 1022 precibus,
1318 944 1460 1020 hortatu,
1492 945 1709 1029 doctrinaque
1740 959 1772 1010 et

288 1048 489 1110 ⁵autoritate
513 1045 653 1108 Romani
676 1043 839 1123 pontificis
862 1055 1088 1124 componetur.
1128 1045 1320 1126 Tyrannum
1343 1048 1408 1130 agit
1432 1049 1609 1128 episcopus
1631 1050 1765 1132 aliquis:

315 1153 376 1216 erit
398 1152 487 1214 unde
510 1150 694 1213 subsidium
717 1148 870 1226 imploret
893 1147 1046 1228 populus.
1080 1148 1202 1212 Existit
1223 1150 1347 1231 aliquis,
1370 1152 1426 1231 qui
1449 1151 1698 1215 daemoniacam
1722 1156 1770 1217 in·

315 1256 413 1318 vehat
435 1255 634 1318 doctrinam:
665 1253 826 1332 supererit
854 1252 1024 1315 Romanus
1046 1264 1169 1332 pastor,
1202 1256 1257 1335 qui
1280 1273 1298 1315 e
1322 1256 1412 1334 puris
1435 1256 1640 1338 evangelicae
1664 1257 1770 1337 philo·

315 1359 452 1440 sophiae
485 1358 631 1422 fontibus
665 1358 843 1437 depromat
875 1355 973 1439 digna
1006 1356 1235 1436 dispensatore
1269 1368 1302 1421 et
1336 1359 1455 1421 vicario
1490 1358 1620 1422 Christi.
1666 1360 1769 1440 Quod

314 1463 420 1527 sicubi
441 1482 508 1525 non
532 1461 748 1541 respondebit
778 1479 928 1522 summus
958 1459 1010 1522 ille
1033 1461 1173 1540 praesul,
1203 1461 1346 1541 primum
1379 1462 1446 1524 fieri
1476 1482 1543 1524 non
1573 1474 1692 1544 potest,
1725 1477 1771 1542 ut,

276 1584 301 1627 ro
314 1569 370 1650 qui
399 1568 554 1630 omnibus
585 1565 759 1644 praesidet,
790 1562 964 1627 satisfaciat
994 1565 1157 1638 omnibus,
1188 1565 1308 1628 deinde
1337 1575 1489 1629 nostrum
1519 1577 1577 1644 est,
1608 1579 1769 1649 quantum

315 1670 398 1748 licet,
421 1670 531 1734 omnia
554 1670 585 1730 in
609 1668 731 1730 bonam
754 1677 882 1747 partem
905 1668 1118 1748 interpretari.
1148 1667 1321 1731 Praeterea
1345 1669 1467 1732 bonam
1491 1680 1620 1750 partem
1642 1692 1770 1747 corum,

314 1793 399 1855 quae
421 1773 511 1845 fiunt,
534 1791 600 1834 non
623 1771 685 1850 ipsi
708 1771 856 1851 pontifici
879 1771 938 1833 sed
962 1772 1007 1848 iis,
1039 1772 1160 1853 quibus
1183 1773 1255 1853 ipse
1278 1775 1462 1838 necessario
1493 1775 1572 1851 fidit,
1603 1777 1770 1857 imputare

314 1879 485 1940 debemus.
509 1876 565 1939 Ad
589 1876 670 1938 haec
693 1876 879 1938 meminisse
903 1879 1056 1938 convenit
1082 1875 1172 1938 illum
1195 1877 1383 1941 hominibus
1406 1879 1601 1959 praesidere,
1625 1881 1685 1942 scd
1709 1882 1770 1944 ho·

314 1984 443 2059 minem,
465 2000 571 2063 neque
590 1980 651 2042 'diu
675 1989 826 2042 constare
849 1999 949 2059 posse
973 1989 1122 2043 mutuam
1146 1981 1368 2060 concordiam,
1390 1984 1459 2058 nisi,
1482 1984 1769 2064 quemadmodum

276 2105 301 2146 rs
317 2086 400 2149 illius
423 2086 536 2148 lenitas
559 2085 654 2147 nobis
677 2083 884 2146 obsecundat
914 2085 947 2146 in
969 2084 1088 2161 multis,
1119 2085 1163 2146 ita
1186 2104 1247 2147 nos
1278 2085 1417 2148 vicissim
1451 2085 1495 2147 illi
1525 2106 1587 2166 pro
1618 2096 1771 2168 tempore

314 2210 441 2253 morem
465 2210 626 2272 geramus,
650 2188 842 2268 praesertim
866 2207 943 2250 cum
966 2188 1000 2249 id
1024 2188 1144 2250 habeat
1167 2187 1350 2268 apostolica
1367 2189 1526 2261 doctrina,
1550 2199 1587 2252 ut
1609 2190 1773 2270 improbis

314 2296 410 2356 etiam
433 2315 472 2357 ac
495 2294 636 2356 morosis
659 2293 862 2372 principibus
885 2293 1166 2371 obtemperemus,
1190 2303 1352 2373 quatenus
1376 2294 1450 2356 licet
1466 2293 1621 2356 incolumi
1638 2296 1772 2375 pietate.

315 2398 426 2480 Atque
450 2399 511 2461 hac
534 2399 566 2460 in
589 2407 682 2477 parte
706 2417 780 2458 mea
803 2397 963 2459 sententia
986 2397 1088 2477 magis
1114 2407 1229 2474 peccat
1245 2398 1392 2459 secunda
1408 2396 1514 2472 factio,
1538 2399 1630 2479 quod
1654 2399 1772 2461 odiose

315 2504 416 2565 reiicit
439 2502 595 2565 iudicium
618 2511 651 2563 et
674 2501 948 2563 consuetudinem
971 2501 1129 2563 ecclesiae
1159 2500 1336 2577 Romanae,
1367 2521 1466 2582 quam
1489 2503 1581 2583 quod
1605 2502 1773 2564 existimat

232 2681 237 2691 ,
274 2608 406 2686 sopium
430 2626 503 2669 esse
525 2607 588 2668 sub
612 2616 751 2686 utraque
774 2605 884 2684 specie
907 2625 1038 2668 sumere
1055 2605 1295 2667 eucharistiam.
1321 2603 1432 2685 Atque
1448 2605 1572 2667 utinam
1589 2604 1640 2666 hic
1662 2604 1773 2687 Euge-

313 2712 387 2773 nius
411 2710 575 2772 maluisset
606 2709 775 2792 indulgere
805 2710 1005 2772 concordiae
1036 2709 1188 2788 publicae
1216 2728 1315 2789 quam
1339 2711 1407 2770 suis
1430 2710 1564 2788 privatis
1587 2709 1770 2786 affectibus,

314 2817 342 2878 si
364 2826 474 2877 tamen
496 2835 573 2876 vera
595 2823 680 2890 sunt,
710 2834 796 2895 quae
827 2812 924 2877 refert
955 2813 1093 2894 epistola
1121 2817 1195 2876 tual
1235 2812 1444 2893 Quamquam
1477 2813 1529 2874 hic
1553 2813 1721 2889 Bohemis,
1744 2816 1771 2875 si

314 2939 367 2982 me
389 2920 421 2982 in
444 2918 616 2981 consilium
638 2917 872 2994 adhibuissent,
896 2929 993 2982 autor
1016 2938 1106 2980 eram
1130 2917 1265 2991 futurus,
1297 2928 1333 2979 ut
1363 2918 1495 2979 tametsi
1517 2918 1697 2996 probabilis
1721 2935 1771 2981 est

314 3026 376 3087 hac
398 3024 430 3086 in
446 3033 538 3103 parte
560 3022 690 3084 illorum
713 3023 833 3102 opinio,
856 3034 966 3084 tamen
984 3025 1257 3101 obtemperarent
1280 3022 1391 3100 potius
1407 3040 1506 3102 quam
1522 3022 1771 3099 contenderent,

274 3129 506 3210 sopraesertim
537 3146 613 3189 cum
643 3129 686 3188 ab
717 3125 778 3188 hac
808 3126 1046 3189 consuetudine
1078 3135 1180 3188 staret
1203 3126 1348 3186 maxima
1379 3145 1456 3206 pars
1484 3125 1573 3187 orbis
1596 3126 1773 3204 christiani,

315 3243 433 3308 tamen,
446 3235 469 3311 ¹)
501 3242 536 3293 ut
561 3231 668 3293 dicam
692 3232 838 3313 ingenue,
869 3231 960 3313 quod
983 3231 1112 3305 sentio,
1130 3230 1284 3304 demiror,
1314 3249 1372 3291 cur
1396 3229 1501 3291 visum
1524 3230 1565 3291 sit
1587 3229 1772 3305 immutare,

314 3336 446 3418 quoda
469 3333 601 3397 Christo
624 3332 684 3395 fuit
707 3334 900 3411 institutum,
925 3353 1028 3415 quum
1052 3353 1179 3409 causae,
1202 3353 1285 3413 quas
1307 3331 1469 3406 adferunt,
1496 3352 1562 3394 non
1585 3332 1771 3396 admodum

313 3461 427 3523 graves
449 3439 627 3502 videantur.
651 3438 754 3500 Porro
779 3437 954 3501 factionem
977 3437 1180 3520 Pigardicam
1205 3436 1334 3519 longius
1358 3438 1476 3498 abesse
1498 3457 1518 3499 a
1542 3435 1654 3518 regula
1677 3440 1769 3516 pacis

313 3544 517 3626 evangelicae
541 3544 648 3604 minus
672 3541 858 3604 mirandum
881 3552 938 3615 est,
963 3562 1074 3622 quum,
1098 3552 1133 3603 ut
1158 3542 1281 3617 scribis,
1305 3542 1349 3601 ab
1372 3551 1488 3603 autore
1511 3541 1673 3602 scelerato
1689 3561 1769 3621 pro·

274 3650 397 3711 :ofecta
420 3650 468 3710 sit.
516 3647 601 3709 Nam
625 3647 651 3708 si
676 3645 752 3709 ideo
785 3647 992 3709 antichristus
1023 3659 1073 3708 est
1105 3645 1252 3725 pontifex
1275 3645 1453 3719 Romanus,
1478 3646 1569 3725 quod
1592 3643 1772 3725 aliquando

315 3754 449 3834 contigit
472 3750 621 3832 pontifex
651 3752 779 3830 impius,
810 3761 867 3813 aut
894 3752 920 3813 si
944 3751 1019 3813 ideo
1051 3752 1209 3813 meretrix
1239 3760 1289 3812 est
1319 3750 1472 3827 ecclesia,
1488 3750 1647 3822 Romana,
1679 3750 1772 3831 quod

316 3858 487 3938 aliquoties
518 3857 617 3918 habet
640 3854 822 3918 cardinales
853 3865 911 3918 aut
940 3856 1118 3935 episcopos
1149 3864 1207 3917 aut
1237 3854 1358 3935 alioqui
1390 3855 1556 3917 ministros
1588 3855 1773 3934 improbos,

317 3962 433 4024 eadem
461 3980 563 4041 opera
594 3959 689 4022 nullis
720 3960 894 4039 episcopis,
925 3959 1021 4021 nullis
1044 3960 1241 4039 pastoribus,
1271 3957 1368 4021 nullis
1399 3959 1532 4041 regibus
1560 3959 1774 4039 obtempera·

317 4085 436 4143 remus,
468 4076 504 4127 ut
527 4085 568 4127 nc
591 4064 699 4126 dicam
730 4064 867 4140 interim,
892 4063 990 4144 quod
1015 4063 1077 4126 hac
1100 4063 1242 4125 fenestra
1264 4074 1387 4143 aperta,
1418 4074 1454 4125 ut
1484 4064 1603 4144 cuique
1630 4063 1682 4125 hic
1715 4073 1773 4126 aut

277 4171 370 4232 soille
392 4179 479 4233 esset
505 4169 634 4246 invisus,
664 4169 707 4232 ita
739 4170 858 4248 impius
886 4169 1072 4232 haberetur.
1118 4168 1252 4247 Quanto
1280 4168 1482 4249 probabilior
1514 4179 1564 4230 est
1594 4167 1773 4250 Augustini

315 4275 484 4351 sententia,
515 4275 650 4336 ministri
681 4275 828 4336 moribus
856 4294 922 4337 non
952 4275 1055 4336 vitiari
1085 4272 1297 4350 donumdei,
1329 4272 1420 4353 quod
1451 4271 1548 4334 nobis
1578 4292 1637 4352 per
1660 4291 1772 4334 sacra·

318 4387 436 4441 menta>
451 4376 623 4452 confertur,
653 4378 778 4439 etiamsi
802 4379 1007 4459 gravissimas
1038 4398 1162 4458 poenas
1194 4377 1236 4439 illi
1268 4378 1376 4441 daturi
1405 4386 1481 4438 sunt
1511 4377 1713 4453 sacerdotes,
1744 4378 1771 4438 si

318 4483 467 4546 moribus
489 4483 596 4562 impiis
619 4482 768 4558 efficiant,
791 4492 827 4545 ut
850 4486 933 4546 inter
956 4484 1075 4547 idiotas
1091 4495 1123 4546 et
1139 4484 1286 4546 infirmos
1308 4481 1393 4544 male
1416 4481 1529 4543 audiat
1551 4499 1674 4544 nomen
1687 4480 1772 4544 illud

317 4587 525 4650 adorandum
548 4587 672 4648 domini
694 4588 798 4649 nostri
819 4587 895 4668 Jesu
919 4585 1047 4650 Christi.
1094 4587 1225 4666 Quodsi
1255 4587 1299 4650 illi
1331 4585 1475 4649 refractis
1501 4586 1608 4649 omnis
1631 4586 1773 4666 pudoris

275 4711 303 4755 ro
317 4692 479 4775 repagulis
501 4702 638 4773 pergant
661 4691 767 4771 palam
792 4713 863 4755 esse
887 4692 1050 4766 scelerosi,
1081 4702 1117 4754 ut
1139 4692 1247 4774 aliqua
1270 4692 1394 4755 ratione
1418 4691 1594 4753 coercendi
1616 4699 1701 4766 sunt,
1726 4691 1771 4753 ita

316 4820 424 4882 neque
453 4797 627 4860 cuiuslibet
656 4808 707 4860 est
736 4798 809 4861 illos
837 4799 1009 4872 incessere,
1040 4817 1100 4859 nec
1131 4798 1230 4859 armis
1260 4817 1329 4859 rem
1359 4797 1426 4879 geri
1454 4796 1570 4876 placet,
1602 4815 1643 4857 ne
1665 4797 1771 4858 semel

316 4906 497 4968 admissum
521 4903 712 4982 exemplum
743 4902 913 4965 violentiae
944 4904 1066 4966 saeviat
1090 4905 1121 4965 in
1144 4905 1305 4965 innoxios.
1349 4902 1449 4981 Quod
1484 4904 1545 4964 sibi
1580 4901 1775 4965 sacerdotes

317 5022 349 5073 et
374 5012 551 5089 episcopos
575 5008 705 5089 eligunt,
728 5027 794 5070 non
816 5007 975 5070 abhorret
1000 5028 1019 5069 a
1043 5008 1281 5085 consuetudine
1305 5019 1462 5069 veterum.
1494 5006 1548 5069 Sic
1572 5006 1697 5068 electus
1721 5018 1774 5068 est

317 5135 343 5179 s.
368 5114 533 5191 Nicolaus,
557 5115 601 5176 sic
627 5112 834 5191 Ambrosius,
860 5115 919 5177 sed
943 5115 1091 5177 nondum
1115 5114 1201 5176 edita
1225 5112 1364 5174 formula
1388 5111 1556 5174 electionis
1582 5111 1772 5188 canonicae,

317 5271 367 5280 ——--
382 5274 522 5281 ——-—--

405 5339 424 5405 ¹)
442 5339 571 5392 Tisteno:
590 5339 712 5394 tametsi.
