3674 5858
456 406 507 474 μη
526 390 639 458 srecnu
656 402 801 459 ammon
820 402 1088 457 notemumutmu
1107 401 1184 455 1519.
1508 399 1544 452 ra

85 613 238 692 Romani,
269 617 300 676 in
330 613 400 676 solo
435 624 544 676 autem
579 633 639 675 usu
672 615 909 676 communionis
940 611 1098 688 differunt,
1128 622 1160 673 et
1195 608 1285 691 quod
1320 611 1351 669 in
1384 608 1544 670 sacrifieiis

86 717 278 781 sacerdotes
311 717 437 781 illorum
474 717 644 796 epistolam
681 727 713 779 et
751 715 952 800 evangelium
990 715 1097 796 lingua
1134 713 1312 776 domestica
1343 722 1475 788 canunt;
1511 722 1544 775 et

88 822 164 886 huic
196 824 323 904 utrique
352 822 575 885 consuetudini
610 822 860 900 pertinacissime
893 819 1068 881 adhaerent
1101 826 1282 880 asserentes
1316 835 1351 878 se
1384 828 1545 896 utrunque

87 926 187 990 literis
221 926 343 989 concilii
384 925 565 989 Basiliensis
607 924 702 1006 (quas
739 936 856 987 vocant
889 919 1061 1007 pactionis)
1095 922 1321 985 confirmatum
1359 931 1391 983 et
1427 939 1546 1000 appro-

89 1033 204 1093 batum
228 1032 355 1094 habere.
392 1029 447 1093 Ad
478 1029 568 1113 quod
592 1049 666 1092 cum
689 1029 865 1111 aliquando
888 1030 1003 1091 decem
1027 1029 1199 1111 magistros
1221 1026 1393 1108 theologos
1415 1025 1546 1088 scholae
1571 1039 1587 1082 t

90 1125 261 1218 Pragensis
283 1137 371 1197 iussu
393 1138 596 1218 imperatoris
619 1134 825 1219 Sigismundi,
848 1145 925 1196 tunc
940 1136 1024 1217 regis
1040 1132 1224 1204 Bohemiae,
1247 1133 1416 1203 misissent,
1439 1140 1471 1193 et
1487 1150 1545 1210 pro

48 1303 51 1306 ⁴
88 1238 226 1302 articulo
249 1240 303 1301 illo
325 1239 366 1301 de
388 1244 617 1305 communione
647 1242 708 1303 sub
732 1249 867 1320 utraque
889 1240 997 1317 specie
1028 1256 1102 1299 eum
1126 1236 1286 1318 theologis
1317 1235 1443 1299 concilii
1466 1253 1546 1297 con·

90 1343 201 1406 ilictati
225 1353 342 1419 essent,
365 1345 647 1425 ostendissentque
670 1346 935 1407 communionem
962 1342 1060 1404 talem
1084 1361 1103 1403 a
1126 1337 1252 1404 Christo
1275 1358 1347 1403 esse
1369 1341 1547 1402 institutam

91 1460 123 1509 et
154 1468 174 1509 a
204 1447 305 1511 Paulo
331 1449 481 1528 apostolo
512 1448 685 1525 Corinthiis
716 1447 875 1525 traditam,
904 1447 946 1508 ab
969 1447 1122 1508 omnibus
1154 1445 1271 1507 deinde
1302 1446 1412 1524 priscis
1433 1442 1547 1506 docto

90 1553 182 1614 ribus
204 1562 271 1614 tam
286 1555 410 1634 graecis
425 1573 523 1634 quam
547 1554 651 1616 latinis
673 1553 713 1615 ad
738 1572 840 1614 annos
864 1552 984 1612 circiter
1001 1550 1086 1611 mille
1102 1563 1134 1612 et
1150 1550 1307 1612 ducentos
1328 1548 1548 1611 inviolabiliter
1562 1561 1589 1602 ro

91 1657 311 1731 observatam,
346 1659 463 1736 quibus
486 1658 655 1720 concilium
678 1659 810 1738 singulis
833 1656 999 1739 diligenter
1022 1656 1199 1735 perspectis
1221 1663 1256 1715 et
1277 1655 1335 1715 rite
1358 1653 1549 1715 examinatis

91 1763 251 1823 concessit
273 1763 319 1822 eis
335 1762 535 1840 praedictum
552 1781 646 1825 usum
662 1773 694 1823 et
710 1760 973 1823 consuetudinem
998 1760 1234 1820 communionis
1257 1771 1334 1820 ante
1349 1767 1549 1820 memoratae

91 1865 141 1926 his
157 1873 267 1926 tamen
283 1864 528 1944 conditionibus,
544 1877 579 1929 ut
595 1866 781 1928 sacerdotes
798 1865 923 1927 illorum
940 1874 1124 1944 praesentes
1147 1873 1179 1924 et
1202 1862 1298 1925 futuri
1321 1862 1547 1925 eucharistiam

92 1968 217 2048 populo
247 1973 412 2032 communi
442 1970 483 2031 ad
515 1970 576 2033 hoc
607 1970 765 2050 disposito
794 1970 855 2030 sub
883 1987 947 2030 una
977 1968 1026 2029 vel
1054 1968 1115 2029 sub
1146 1977 1284 2048 utraque
1306 1969 1421 2047 specie,
1452 1975 1548 2045 prout

92 2074 232 2154 quisque
263 2093 305 2135 ex
327 2073 393 2136 fide
417 2084 557 2155 cuperet,
589 2075 786 2148 exhiberent,
817 2074 879 2135 hac
909 2075 995 2153 prius
1025 2072 1258 2151 protestatione
1284 2073 1430 2151 utrisque
1452 2070 1548 2131 sacta:
1563 2081 1588 2122 ¹5

96 2176 195 2252 »Vos
224 2180 279 2258 qui
303 2179 364 2240 sub
387 2197 451 2241 una
473 2181 581 2259 speeie
604 2179 872 2242 communicaturi
902 2178 987 2250 estis
1019 2195 1085 2238 non
1109 2178 1214 2237 minus
1237 2195 1295 2237 vos
1318 2178 1461 2254 accipere
1484 2193 1550 2235 cre·

93 2280 178 2343 datis
209 2300 309 2362 quam
340 2283 402 2345 sub
432 2290 569 2364 utraque
598 2285 733 2363 specie«
763 2293 794 2344 et
825 2281 879 2361 qui
901 2281 963 2342 sub
987 2290 1123 2360 utraque
1153 2282 1261 2361 specie
1284 2280 1549 2342 communicaturi

94 2396 211 2458 essent,
242 2405 309 2449 non
340 2389 442 2469 magis
472 2406 529 2449 eos
560 2389 704 2468 accipere
737 2405 835 2468 quam
859 2405 925 2459 eos,
955 2385 1008 2464 qui
1032 2384 1094 2447 sub
1116 2404 1182 2447 una
1204 2387 1319 2464 speeie.
1356 2384 1390 2446 ln
1421 2384 1550 2464 reliquis

94 2500 205 2553 autem
228 2489 382 2553 omnibus
403 2490 499 2553 rebus
528 2491 681 2554 ecelesiae
711 2491 877 2553 Romanae
907 2490 1106 2551 ceremonias
1136 2490 1294 2572 legitimas
1325 2491 1497 2552 observare
1519 2495 1551 2548 et

96 2596 186 2674 sequi
210 2593 341 2672 polliciti
364 2605 447 2657 sunt.
469 2594 619 2659 Similiter
642 2595 829 2675 pontificem
853 2594 1038 2656 Romanum
1055 2612 1129 2656 cum
1146 2594 1387 2657 successoribus
1409 2595 1475 2655 suis
1490 2610 1549 2671 pro
1562 2602 1590 2644 ω

96 2700 177 2759 veris
200 2699 321 2759 vicariis
344 2695 458 2761 Christi
474 2699 630 2763 haberent
654 2710 685 2763 et
709 2709 983 2782 recognoscerent,
1007 2710 1039 2761 et
1063 2697 1155 2760 dietis
1178 2717 1293 2761 eorum
1315 2700 1441 2780 absque
1463 2698 1552 2760 omni

97 2805 331 2884 repugnatione
354 2805 613 2884 obtemperarent
638 2823 710 2865 cum
735 2805 974 2865 successoribus
996 2805 1062 2864 suis
1085 2803 1253 2881 omnibus;
1277 2823 1419 2884 quaese
1442 2805 1553 2866 omnia

96 2918 127 2967 et
150 2906 275 2989 singula
297 2906 437 2969 facturos
460 2919 491 2970 et
514 2927 613 2988 opere
636 2908 854 2986 completuros
876 2908 963 2969 bona
986 2906 1051 2969 fide
1075 2910 1297 2987 promiserunt.
1320 2907 1394 2988 Qua
1416 2911 1459 2969 ab
1475 2910 1553 2987 ipsis

98 3020 232 3091 accepta
262 3012 558 3090 comprobaverunt
588 3014 634 3074 eis
664 3015 929 3074 communionem
958 3023 1034 3073 ante
1064 3022 1277 3075 memoratam
1301 3012 1397 3076 literis
1420 3012 1552 3086 concilii,

98 3134 180 3195 quas
202 3116 361 3194 pactionis
384 3124 511 3179 vocant.
534 3114 600 3179 Sed
623 3127 714 3178 erant
737 3117 818 3178 haec
833 3118 875 3178 ab
890 3115 1036 3199 Eugenio
1060 3136 1190 3179 summo
1213 3117 1374 3197 pontifice,
1398 3118 1453 3197 qui
1475 3127 1592 3180 tuncas

99 3219 269 3282 Romanae
297 3219 502 3298 praesidebat
531 3221 693 3299 ecclesiae,
722 3221 818 3283 literis
848 3218 943 3304 (quas
976 3232 1095 3284 vocant
1126 3219 1403 3303 exequutoriales)
1438 3220 1553 3284 confir·

98 3323 272 3386 mandaret
296 3323 489 3399 ratificanda,
520 3327 575 3404 qni
598 3325 671 3388 huic
693 3326 828 3389 coneilio
850 3327 1005 3406 imprimis
1035 3328 1240 3388 autoritatem
1264 3326 1407 3401 dederat,
1438 3336 1552 3408 postea

99 3447 176 3489 vero
203 3428 370 3490 intellectis
400 3430 495 3491 certis
522 3429 659 3493 decretis
680 3431 712 3491 in
735 3430 854 3493 eodem
882 3430 1017 3493 concilio
1044 3442 1155 3493 contra
1183 3450 1218 3493 se
1248 3443 1280 3494 et
1303 3432 1427 3493 futuros
1449 3434 1554 3511 ponti-

100 3531 177 3593 fices
197 3531 357 3595 conclusis
380 3542 411 3595 et
435 3533 654 3596 determinatis
677 3534 817 3597 abolevit
840 3544 872 3597 et
897 3535 1064 3616 abrogavit
1087 3536 1196 3596 omnia
1219 3537 1250 3596 in
1273 3535 1392 3597 eodem
1416 3535 1554 3597 concilio

99 3637 252 3698 conclusa
283 3645 315 3698 et
344 3636 567 3712 determinata,
599 3658 663 3719 qua
689 3658 786 3700 causa
816 3657 924 3720 neque
955 3639 1043 3714 haec,
1075 3657 1160 3719 quae
1190 3638 1343 3701 Bohemis
1373 3641 1403 3702 in
1434 3638 1594 3701 eodemu

99 3741 239 3802 concilio
267 3759 423 3803 concessa
453 3753 485 3804 et
508 3744 687 3822 approbata
719 3743 854 3816 fuerunt,
885 3744 984 3806 literis
1007 3745 1072 3805 suis
1095 3744 1254 3823 aprobare
1278 3744 1383 3822 voluit,
1406 3763 1447 3805 ne
1470 3743 1554 3805 vide-

100 3855 188 3907 retur
215 3847 278 3906 iam
302 3844 394 3907 dictis
417 3845 552 3907 decretis
581 3848 705 3909 concilii
729 3850 934 3909 autoritatem
958 3848 1042 3909 dare.
1080 3846 1154 3928 Qua
1177 3867 1275 3910 causa
1297 3868 1403 3929 neque
1427 3849 1489 3911 hoc
1512 3849 1555 3910 ab

101 3949 167 4010 aliis
196 3948 403 4029 pontificibus
432 3949 588 4013 Romanis
618 3952 773 4013 hactenus
803 3952 947 4013 obtinere
976 3961 1159 4032 potuerunt.
1197 3950 1260 4031 Qui
1290 3953 1418 4034 cognita
1441 3954 1472 4013 in
1495 3952 1555 4014 hac

101 4062 193 4133 parte
216 4062 283 4113 tam
306 4053 469 4116 obstinata
492 4065 524 4116 et
546 4056 700 4117 immobili
725 4055 914 4134 pontificum
938 4066 1055 4127 mente,
1088 4057 1142 4135 qui
1166 4075 1212 4131 ea,
1236 4075 1321 4136 quae
1344 4053 1488 4118 Christus
1509 4058 1555 4117 in-

101 4156 203 4217 stituit
225 4167 258 4217 et
280 4155 414 4219 ecclesia
436 4160 540 4237 prisca
563 4161 664 4221 tenuit
685 4159 918 4240 conciliumque
941 4160 1141 4237 approbavit,
1164 4159 1355 4221 confirmare
1377 4162 1555 4235 noluerunt,
1568 4173 1595 4214 ³⁵

101 4279 163 4321 nee
189 4262 235 4322 eis
264 4261 362 4321 etiam
392 4262 547 4325 oboedire
575 4283 636 4325 nec
666 4283 725 4341 pro
748 4266 831 4325 veris
860 4262 975 4326 Christi
999 4265 1122 4324 vicariis
1145 4277 1178 4326 et
1200 4265 1441 4327 successoribus
1472 4264 1555 4327 Petri

101 4364 222 4426 habere
252 4363 431 4427 voluerunt.
468 4365 509 4428 Et
538 4369 593 4429 ubi
616 4369 905 4446 compromiserant
928 4370 1067 4455 maiores
1089 4366 1225 4444 illorum,
1257 4370 1347 4449 quod
1370 4369 1556 4432 sacerdotes

102 4469 250 4530 factionis
280 4471 424 4548 ipsorum
455 4473 721 4533 communicaturi
750 4470 908 4550 populum
937 4473 998 4534 sub
1029 4491 1092 4533 una
1123 4473 1172 4533 vel
1202 4473 1264 4534 sub
1292 4483 1426 4554 utraque
1449 4476 1556 4554 specie

102 4572 298 4652 alloquuturi
322 4585 411 4635 erant
434 4575 593 4653 populum
617 4574 665 4635 his
680 4575 793 4649 verbis,
817 4593 900 4654 quae
916 4587 991 4638 ante
1007 4576 1139 4655 praefati
1156 4596 1277 4651 sumus,
1300 4577 1364 4639 iam
1381 4576 1432 4639 illa
1449 4579 1557 4639 omnia

101 4696 163 4739 ceu
186 4676 263 4738 lalsa
286 4676 480 4753 abiecerunt,
504 4698 610 4760 neque
626 4678 714 4741 aliter
737 4678 836 4740 ullum
853 4700 896 4740 ex
911 4682 1077 4742 communi
1093 4680 1215 4761 populo
1230 4700 1328 4760 quam
1344 4684 1405 4744 sub
1421 4691 1557 4762 utraque
1570 4694 1598 4735 ⁴0

101 4782 212 4861 speeie
233 4784 473 4844 communicare
495 4782 614 4857 volunt,
637 4782 911 4863 reprehendentes
934 4787 966 4845 in
989 4785 1051 4846 hoe
1074 4784 1281 4847 vehementer
1311 4789 1449 4848 maiores
1472 4804 1557 4860 suos,

102 4888 158 4967 qui
183 4885 225 4947 ad
246 4885 324 4948 illud
347 4887 518 4948 concilium
542 4889 629 4948 missi
652 4887 784 4960 fuerant,
808 4885 898 4966 quod
923 4900 988 4949 tam
1011 4890 1098 4951 stulti
1122 4900 1155 4951 et
1179 4891 1337 4952 temerarii
1360 4890 1500 4965 luissent,
1524 4902 1558 4952 ut

103 5002 173 5052 tam
195 4988 280 5052 falsis
304 5000 336 5053 et
359 4991 474 5071 iniquis
503 4991 746 5053 conditionibus
769 5011 787 5052 a
812 4993 946 5053 concilio
977 4992 1096 5055 oblatis
1119 4996 1273 5055 assentire
1296 4994 1460 5068 voluerint,
1483 5014 1557 5055 cnm

103 5093 195 5174 apud
218 5094 371 5157 doctores
393 5105 517 5156 veteres
539 5114 671 5177 graecos
695 5107 727 5157 et
749 5096 863 5157 latinos
886 5099 1084 5174 apertissime
1107 5100 1284 5160 inveniatur
1305 5097 1400 5159 aliam
1423 5100 1558 5179 gratiam

103 5199 175 5260 dari
198 5200 425 5278 accipientibus
448 5219 567 5279 corpus
583 5199 697 5263 Christi
714 5210 745 5261 et
763 5199 856 5260 aliam
873 5203 1074 5262 sumentibus
1093 5204 1280 5284 sanguinem
1299 5202 1404 5282 ipsius,
1428 5211 1460 5263 et
1483 5221 1556 5263 cum
1571 5216 1598 5256 n>

98 5303 147 5364 ibi
173 5300 334 5364 donentur
365 5303 548 5365 differentes
578 5305 707 5384 gratiae,
738 5303 908 5382 quomodo
940 5304 1020 5365 haec
1043 5323 1116 5365 vera
1140 5323 1211 5365 esse
1235 5314 1378 5383 possunt,
1402 5315 1437 5369 ut
1460 5309 1558 5386 perci·
