3674 5858
589 396 688 451 XVIll.
707 398 738 450 R
757 398 789 451 B.
814 398 1002 455 zLobkovic.
1022 430 1055 440 -
1073 399 1149 455 XIX.
1169 402 1206 456 M.
1225 401 1379 456 Ddtslremu
1403 400 1479 457 1501.

638 714 783 789 Racek
811 611 1105 791 BohusIZXbliii
1133 741 1156 790 z
1185 717 1417 794 Lobkovic.

396 848 430 915 (v
451 833 601 906 &scilicit
621 851 724 920 1501.)
741 852 849 920 deuje
868 870 900 907 za
918 854 1012 922 pllzell
1031 854 1133 908 dvdma
1151 853 1218 924 listy
1236 854 1304 909 sobe
1323 855 1511 909 osveddenou.
1533 854 1648 923 Prijlmr
1666 854 1767 925 vyrok.

309 933 341 988 ie
360 935 500 989 Bohuslav
518 937 624 990 mnoho
642 938 762 992 Bononii
781 939 890 1007 delruje,
912 941 956 994 ale
975 940 1065 1009 mysll,
1091 941 1124 994 le
1139 939 1211 1008 Jesrs
1229 942 1293 994 vice
1312 940 1440 995 dblrovati
1459 941 1505 994 mi
1522 940 1612 1004 vluti.
1636 941 1716 995 lrterfi
1733 959 1766 995 se

307 1020 356 1088 jlm
376 1023 485 1077 bonosi.
513 1023 622 1078 Zamltd
640 1026 755 1089 deudelr,
780 1027 812 1081 ie
831 1027 930 1081 chvila
948 1027 1095 1081 iivouclch
1110 1027 1167 1097 jest
1184 1028 1329 1095 posmech,
1354 1026 1499 1096 pondvadi
1521 1029 1572 1097 pry
1595 1044 1614 1081 o
1631 1027 1710 1081 alive
1729 1026 1767 1080 ii-

310 1109 429 1162 voucich
447 1109 567 1179 dovldajl
586 1128 617 1164 se
636 1111 644 1164 i
662 1112 697 1178 ti,
711 1113 781 1167 lrtetl
799 1114 865 1183 pled
885 1112 954 1167 nimi
973 1113 1092 1182 umlrajl.
1123 1115 1257 1168 Konecne
1275 1114 1351 1183 prosi
1368 1131 1401 1168 za
1419 1114 1577 1183 odpudtenb
1595 1113 1768 1168 nedovedlli

310 1212 351 1336 veg
370 1194 446 1337 ερδίίεο
472 1197 552 1338 {ilem
578 1199 795 1270 panegyriclrem
827 1201 954 1272 vsechny
983 1200 1127 1269 plednosti
1158 1200 1355 1270 Bohuslavovy
1385 1199 1505 1255 naleiite
1531 1200 1649 1272 vyllditi.
1686 1199 1768 1269 (Lise

314 1290 370 1336 nt
425 1301 447 1337 s.
511 1327 518 1338 .

396 1373 581 1440 Rodericus
603 1376 781 1442 Dubravus
803 1377 992 1442 Bohuslauo
1015 1378 1199 1443 Hasistensi
1221 1399 1248 1442 s.
1271 1378 1303 1441 d.
1327 1377 1459 1458 Quanta
1481 1378 1525 1441 sis
1547 1378 1645 1441 animi
1670 1396 1768 1458 prae·

311 1479 429 1541 stantia
451 1479 628 1560 praeditus,
659 1492 822 1563 quantave
852 1482 1053 1546 humanitate
1075 1491 1108 1545 et
1131 1482 1349 1546 benivolentia
1379 1502 1457 1566 erga
1479 1502 1533 1546 me
1555 1483 1690 1559 existas,
1720 1483 1770 1545 vir

313 1583 587 1665 eloquentissime,
617 1585 700 1649 binis
723 1585 843 1665 litteris,
871 1607 953 1669 quas
975 1586 1018 1649 ad
1041 1606 1095 1650 me
1117 1586 1285 1667 scripsisti,
1314 1587 1440 1667 optime
1462 1585 1615 1663 intellexi,
1645 1586 1770 1668 quibus

314 1697 473 1770 quantum
502 1689 688 1753 oblectatus
711 1690 780 1768 sim,
809 1709 940 1772 nequeo
963 1690 1072 1753 verbis
1094 1691 1261 1773 consequi.
1295 1689 1356 1753 Est
1378 1689 1528 1770 prolecto
1557 1690 1771 1753 humanitatis

286 1794 372 1856 ⁶e0s
390 1792 505 1856 officiis
521 1792 806 1877 benivolentiaque
827 1794 994 1877 prosequi,
1017 1815 1036 1857 a
1052 1795 1172 1876 quibus
1188 1794 1364 1876 plurimum
1380 1793 1551 1878 diligimur.
1575 1792 1630 1856 Ex
1645 1794 1771 1876 quibus

312 1897 528 1977 potissimum,
558 1907 683 1980 quanto
706 1900 811 1979 patria
833 1910 944 1964 nostra
974 1899 1014 1963 sit
1038 1898 1206 1961 Bononiae
1236 1898 1397 1961 obstricta
1419 1896 1589 1977 beneficio,
1620 1897 1771 1981 cognovi,

313 2020 389 2064 cum
412 1992 444 2064 te
461 2001 658 2065 Bononiensi
679 2004 850 2085 gymnasio
866 2023 1022 2087 magnum
1046 2003 1204 2085 quiddam
1228 2001 1352 2065 debere
1367 2000 1485 2064 lateris.
1509 2000 1632 2064 Nescio
1646 2011 1771 2078 autem,

312 2115 436 2188 quanto
459 2105 535 2187 plus
564 2125 664 2187 quam
687 2107 848 2189 patriae,¹)
877 2128 953 2171 cum
983 2109 1087 2188 patria
1116 2126 1192 2170 meo
1220 2106 1355 2189 quidem
1385 2106 1508 2169 iudicio
1538 2104 1681 2169 multum
1710 2105 1770 2168 tibi

313 2209 457 2292 obligata
476 2211 525 2288 sit,
548 2210 640 2291 quod
655 2221 689 2274 te
710 2220 801 2275 tanta
825 2211 976 2276 doctrina
991 2222 1091 2293 atque
1114 2212 1290 2274 verborum
1313 2210 1473 2293 elegantia
1487 2219 1640 2274 ornatum
1663 2210 1770 2273 civem

277 2311 301 2354 ¹⁰
314 2334 410 2377 suum
434 2314 554 2378 audeat
578 2313 696 2393 dicere,
719 2325 845 2398 tuoque
867 2316 999 2379 nomine
1022 2316 1050 2378 ei
1074 2315 1170 2379 liceat
1192 2315 1331 2399 gloriari.
1355 2312 1440 2378 Cum
1463 2322 1575 2377 autem
1597 2313 1715 2377 scribis
1737 2321 1770 2376 te

314 2418 391 2481 mihi
414 2438 481 2481 non
504 2438 621 2500 parum
641 2419 774 2496 debere,
797 2420 838 2498 id,
861 2418 985 2483 scilicet
1006 2439 1073 2483 non
1093 2438 1211 2500 parum
1234 2419 1365 2497 debere,
1388 2416 1495 2496 elficit,
1517 2427 1554 2481 ut
1575 2418 1635 2480 tibi
1654 2417 1771 2480 maiori

314 2541 413 2603 quam
428 2531 503 2585 ante
518 2523 580 2585 sim
595 2522 765 2587 devinctus
780 2524 950 2601 beneficio,
965 2524 1143 2604 videarque
1165 2542 1290 2600 eorum,
1315 2540 1401 2604 quae
1417 2523 1610 2602 acceperim,
1632 2540 1769 2585 usuram

314 2624 450 2689 solvere.
486 2625 524 2689 Id
547 2628 769 2708 proverbium,
797 2627 889 2710 quod
912 2649 931 2691 a
955 2628 1156 2691 Fescennino
1179 2626 1283 2710 Nigro
1292 2627 1318 2707 2)
1348 2625 1502 2690 didicisse
1523 2626 1657 2689 scribis:
1691 2624 1770 2688 »vi-

315 2739 444 2794 ventem
475 2729 609 2794 laudare
639 2741 689 2794 est
718 2731 878 2810 irridere«
913 2752 996 2812 pace
1025 2742 1081 2795 tua
1113 2731 1261 2809 dixerim,
1294 2727 1458 2794 oblivione
1489 2729 1667 2793 delendum
1697 2748 1772 2793 esse

277 2832 479 2899 ¹⁶existim0.
512 2834 719 2899 Praeclarum
748 2837 834 2900 enim
864 2846 923 2915 est,
953 2856 1037 2917 quae
1067 2835 1216 2917 plerique
1246 2834 1361 2897 mortis
1384 2832 1532 2915 periculo
1561 2833 1694 2915 assequi
1715 2833 1772 2895 vix

315 2948 477 3020 poterant,
500 2959 539 3002 ea
553 2947 595 3018 te,
618 2939 698 3003 dum
720 2941 753 3003 in
773 2941 923 3004 humanis
945 2961 989 3019 es,
1012 2941 1179 3019 consequi.
1204 2939 1281 3003 Non
1304 2948 1337 3002 te
1353 2938 1508 3019 praeterit
1530 2937 1617 3001 duos
1640 2936 1772 3013 Decios,

315 3052 352 3104 ut
375 3041 506 3105 laudem
521 3043 790 3123 adipiscerentur,
812 3054 954 3108 mortem
977 3044 1042 3108 vita
1065 3045 1230 3125 potiorem
1249 3043 1421 3120 habuisse;
1444 3041 1531 3104 lama
1554 3049 1643 3105 recte
1666 3040 1770 3104 lacto·

316 3167 398 3223 rum,
421 3148 457 3223 si,
479 3147 560 3211 dum
582 3148 681 3211 vitam
703 3149 839 3232 agimus,
861 3148 1042 3225 laudamur,
1065 3148 1108 3212 ad
1131 3167 1190 3212 eos
1211 3146 1309 3210 etiarn
1333 3146 1488 3228 pervenit,
1510 3144 1631 3228 quibus
1655 3162 1772 3225 super·

316 3252 406 3314 stites
435 3271 559 3329 sumus,
588 3271 674 3335 quae
703 3263 792 3316 certe
822 3272 889 3316 non
918 3253 1111 3334 perveniret.
1149 3249 1317 3333 Quocirca
1346 3251 1374 3313 si
1403 3269 1520 3314 omnes
1548 3258 1624 3313 tuas
1655 3247 1773 3312 laudes

275 3350 304 3395 ⁸⁰
317 3353 496 3438 oratione⁸)
530 3375 598 3420 non
626 3367 825 3421 consecutus
848 3357 918 3434 sim,
946 3367 980 3419 te
1002 3355 1105 3420 semel
1129 3366 1230 3438 atque
1258 3356 1378 3418 iterum
1401 3354 1553 3431 obsecro,
1582 3361 1620 3416 ut
1641 3361 1773 3415 tuaram

318 3460 475 3524 virtutum
497 3462 712 3546 magnitudini
728 3482 828 3545 quarn
850 3461 932 3524 meis
954 3460 1083 3543 ineptiis
1097 3461 1232 3523 tribuas.
1256 3459 1349 3522 Vale.
1373 3457 1437 3536 Me,
1459 3466 1497 3522 ut
1518 3456 1667 3537 coepisti,
1689 3475 1773 3519 ama.

722 3738 868 3813 Racek
897 3632 1095 3812 Miuuliii
1124 3733 1369 3811 Ddtskdmu.

405 3877 439 3944 (v
459 3854 609 3932 &eonion
630 3875 730 3942 150¹.)
754 3874 817 3944 del
836 3873 993 3944 vytednosti
1012 3891 1030 3926 v
1049 3873 1136 3927 oboru
1155 3871 1342 3926 rhetoriclrdm
1367 3870 1456 3940 Filipa
1480 3869 1617 3924 Beroalda
1634 3867 1708 3937 proti
1727 3886 1775 3938 po·

320 3966 488 4027 miuvacdm,
507 3963 578 4017 lteri
596 3964 646 4032 ρι’)
664 3979 696 4016 ze
713 3961 815 4016 sivisti
834 3963 890 4017 nali
908 3963 977 4016 sodi.
997 3961 1091 4015 Racek
1108 3961 1168 4014 sim
1187 3961 1238 4029 pry
1257 3959 1374 4012 udenost
1390 3957 1457 4026 jeho
1475 3956 1575 4026 poznal
1592 3953 1775 4026 poslouchaje

318 4051 441 4121 pokaidd
460 4068 491 4104 se
509 4049 645 4118 znadn9m
665 4049 817 4118 rispdchem
833 4047 900 4118 jeho
918 4048 1082 4117 piednidlry,
1102 4045 1110 4100 i
1129 4046 1265 4100 dovolavi
1284 4062 1314 4099 se
1332 4043 1476 4099 svddectvl
1495 4060 1512 4097 o
1529 4050 1589 4097 tom
1608 4043 1683 4097 dvou
1700 4042 1776 4111 pinli

319 4155 334 4192 z
354 4137 527 4192 Rolmberka
544 4137 627 4191 Petra
644 4153 661 4190 a
679 4134 821 4200 Oldl‘icha,
845 4136 916 4190 ktell
935 4135 999 4207 listy
1018 4134 1234 4204 Beroaldovymi
1252 4131 1360 4188 dosdhli
1378 4133 1429 4202 ρι’)
1447 4128 1665 4186 nesmdelnosti.
1693 4127 1776 4200 (Line

319 4224 376 4279 tist.
396 4225 446 4279 dls.
466 4223 563 4293 XXII.)

406 4333 589 4396 Rodericus
619 4330 797 4395 Dubravus
827 4329 968 4393 Nicolao
999 4328 1131 4391 Dieczki
1162 4328 1315 4411 Pragensi
1323 4329 1348 4407 ⁴)
1379 4347 1404 4390 s.
1434 4326 1465 4389 d.
1510 4324 1630 4410 Magna
1670 4324 1778 4388 ducor

320 4437 542 4514 admiratione,
573 4435 710 4499 Nicolai}
741 4435 972 4512 amantissime,
1002 4433 1179 4514 plerosque
1209 4435 1352 4495 existere
1382 4440 1415 4494 et
1445 4430 1590 4493 maxime
1620 4449 1689 4506 eos,
1721 4429 1777 4511 qui

322 4561 527 4568 —————-—-

410 4611 429 4676 ¹)
445 4610 505 4680 Jest
521 4615 553 4663 to
570 4605 687 4660 zvlastnl
706 4605 853 4674 podivani,
876 4604 971 4658 literali
989 4603 997 4657 i
1016 4610 1064 4658 ten
1083 4602 1176 4657 Racelr
1201 4602 1271 4655 smel
1295 4599 1483 4655 Bohuslavovi
1508 4598 1710 4668 doporudovati
1730 4616 1778 4668 po·

321 4696 426 4751 vinnou
445 4696 524 4750 laslru
543 4695 560 4749 k
577 4693 668 4749 vlasti.
686 4693 792 4748 anme
811 4691 944 4763 pokirinl
963 4691 1088 4746 Balbovo
1107 4690 1187 4744 dodlo
1204 4688 1280 4743 tudli
1299 4689 1397 4743 ohlasu
1415 4688 1424 4741 i
1443 4705 1461 4741 u
1479 4685 1630 4741 domdclch
1643 4686 1778 4740 lratollkd.

322 4785 433 4854 (Srovn.
453 4781 657 4836 Humanismus
674 4788 727 4835 etc.
752 4788 799 4834 str.
819 4780 853 4832 94
871 4796 888 4834 a
906 4783 944 4847 n.)

411 4872 431 4939 ²)
461 4870 585 4938 Spravnd
613 4867 754 4936 jmenoval
788 4884 819 4920 se
849 4875 928 4920 tento
959 4865 1058 4936 italslry
1093 4863 1253 4918 humanista
1288 4860 1460 4916 Pescennius
1492 4858 1662 4914 Franciscus
1692 4857 1781 4927 Niger

323 4960 337 5026 l
360 4957 434 5011 1499.
471 4956 575 5025 Napsal
601 4954 727 5024 zejmdna
754 4953 879 5007 Libellus
907 4955 940 5007 de
967 4953 1076 5006 ratione
1104 4949 1236 5020 epistolas
1264 4948 1413 5015 scribendi,
1443 4954 1538 5017 potom
1566 4944 1780 5001 Grammaticus

323 5045 383 5099 libri
401 5045 466 5099 XIV
484 5061 500 5097 a
516 5043 535 5111 J'.

410 5132 432 5195 ³)
449 5132 541 5185 'sento
559 5128 746 5199 panegyricus
764 5127 845 5182 otisld
864 5126 941 5181 Mitis
958 5145 995 5181 na
1012 5126 1095 5181 lronci
1113 5123 1205 5192 Elogil
1229 5130 1277 5177 str.
1295 5121 1443 5176 ssi-393.
1474 5121 1572 5190 Sepsal
1587 5118 1624 5189 jej
1645 5137 1678 5174 aa
1697 5119 1780 5189 spolu

325 5237 338 5271 s
357 5219 438 5272 tlmto
456 5216 548 5271 listem
568 5216 662 5270 Racek
680 5214 748 5284 brzy
765 5232 801 5283 po
820 5214 898 5267 suem
917 5214 1033 5267 nivratu
1053 5230 1067 5266 z
1085 5211 1167 5266 udenl
1186 5209 1374 5264 Bononslriho
1393 5209 1428 5262 do
1447 5194 1524 5262 Cech
1542 5225 1564 5262 r.
1584 5204 1661 5260 1501.

410 5305 432 5372 ⁴)
446 5303 563 5359 Miluus
577 5303 692 5373 Ddtsky,
705 5300 854 5373 vynilrajlcl
867 5304 977 5354 mestun
990 5292 1783 5368 staromestsly(Tomek,Dtj.PrahyX,ntr.2612278).
