3652 5858
664 411 715 482 Jan
733 397 846 465 siccata
864 410 1030 465 Plseckemu
1049 407 1129 463 1507.
1588 406 1624 461 es

163 628 299 707 spicuus
322 624 503 689 eruditione
525 627 693 705 suppetias
716 624 850 718 dabunt
880 623 973 703 Quos
996 642 1058 705 ego
1081 623 1283 685 consulerem
1307 624 1413 701 pueris
1435 620 1621 696 tradendos,

164 740 301 792 namet
325 729 413 793 molli
435 731 528 792 alunt
549 729 695 791 doctrina
719 739 752 791 et
774 729 816 790 ad
840 731 963 807 optima
987 726 1235 789 conscendenda
1264 725 1355 787 facile
1378 725 1534 805 praebent
1556 727 1625 788 iter.

164 833 238 898 Sed
262 834 340 915 quid
363 833 527 914 pluribus?
550 832 604 894 Me
626 835 693 895 scio
717 833 816 894 docto
840 833 985 894 scribere.
1008 830 1099 892 Vale.
1123 830 1157 892 ln
1181 829 1317 912 collegio
1340 826 1445 893 Caroli
1464 828 1626 894 Calendas

168 936 307 1021 Iulias.¹)

876 1144 928 1206 IX.

501 1284 581 1378 Jan
610 1262 780 1358 &lechta
808 1283 1003 1357 Vdclavu
1032 1281 1296 1356 Piseckemu.

262 1471 286 1525 V
307 1471 445 1528 Kastoloi
465 1473 522 1527 nod
542 1473 653 1528 tabam
674 1472 759 1528 1607
780 1501 812 1512 -
833 1472 889 1526 20.
909 1469 1031 1527 dervna.
1056 1471 1159 1524 Pisatel
1178 1471 1335 1540 vypravuje,
1359 1470 1454 1525 lrteralr
1474 1470 1527 1534 list,
1546 1471 1626 1540 kterp

166 1558 217 1629 byl
237 1559 365 1612 nedavno
384 1559 548 1613 Piseciremu
574 1561 670 1628 poslal,
694 1578 724 1612 se
748 1559 848 1622 ztratil,
874 1576 891 1612 a
915 1577 929 1612 s
953 1561 1011 1612 nim
1037 1559 1155 1611 zaroveh
1182 1558 1267 1627 lmihy
1291 1575 1363 1627 synu
1388 1558 1488 1627 Janovi
1507 1558 1626 1612 caelant.

165 1647 269 1699 Potom
288 1647 350 1699 rate
369 1664 408 1708 se,
424 1645 471 1714 jak
488 1663 519 1699 ae
539 1663 586 1700 mu
605 1646 653 1699 libi
671 1646 823 1716 zaphjdent
847 1646 975 1715 apologie
995 1646 1119 1706 Platona,
1143 1645 1240 1698 kterou
1264 1646 1355 1713 sepsal
1380 1645 1530 1698 Bessarion
1555 1645 1626 1715 proti

166 1734 285 1787 titoklim
303 1733 390 1801 Jirrho
408 1732 664 1802 Trapezuntsttho.
683 1720 826 1787 Slechtovi
840 1734 889 1801 pry'
902 1732 950 1785 libi
964 1750 994 1785 se
1008 1733 1106 1794 vallea,
1125 1733 1268 1800 ponevadl
1289 1733 1405 1784 Platona
1418 1733 1488 1785 nade
1501 1733 1626 1801 vsechny

167 1819 280 1890 filosofy
299 1820 322 1872 si
343 1819 412 1882 vait,
431 1836 467 1872 an
486 1818 562 1889 spisy
581 1819 672 1889 svymi
691 1819 794 1873 boislre
814 1820 903 1889 nauly
923 1819 1078 1888 Sokratovy
1097 1822 1176 1871 svetu
1196 1818 1344 1872 zachranil.
1363 1820 1497 1872 Konetne
1515 1818 1577 1872 tale
1595 1836 1626 1872 se

167 1905 279 1975 pisani,
296 1905 399 1976 hydri-li
415 1904 454 1973 jit
471 1922 524 1975 syn
540 1904 607 1973 jeho
630 1924 645 1959 u
667 1907 828 1968 Piseckeho,
851 1905 898 1974 jak
923 1907 939 1958 k
965 1904 1073 1958 iddosti
1097 1904 1165 1972 jeho
1188 1922 1205 1958 a
1229 1904 1401 1958 manreltine
1425 1904 1546 1972 zjednati
1571 1908 1625 1959 mei

168 1981 265 2046 tenor
282 2009 298 2046 z
315 1991 412 2060 Jerenr.
431 1991 511 2059 (nise
530 1994 590 2061 rkp.
608 1994 657 2045 en.
678 1993 762 2061 xxr.)

257 2167 400 2250 Joannes
422 2168 570 2234 Sslechta
593 2170 634 2232 de
658 2168 817 2232 Wssehrd
840 2180 873 2232 et
896 2169 1068 2232 Kostelecz
1095 2170 1137 2231 ad
1160 2169 1271 2231 Albim
1294 2168 1425 2231 fluvium
1450 2169 1624 2232 Vinceslao
1650 2189 1664 2231 e

167 2271 330 2334 Piescensi
353 2291 377 2334 s.
400 2290 431 2352 p.
454 2274 485 2337 d.
508 2272 705 2353 Scripseram
736 2273 777 2335 ad
800 2284 833 2336 te
857 2274 972 2336 diebus
1001 2274 1070 2336 istis
1097 2275 1253 2353 proximis
1276 2275 1307 2334 in
1333 2272 1468 2336 Hradek
1491 2293 1626 2336 manens

167 2385 278 2439 certas
301 2377 416 2447 literas,
441 2396 522 2457 quas
545 2377 750 2457 perferendas
772 2378 968 2440 tradideram
993 2382 1048 2440 uni
1070 2379 1269 2439 familiarium
1294 2396 1450 2452 meorum,
1472 2379 1527 2458 qui
1550 2390 1626 2442 tunc

167 2499 247 2543 cum
269 2500 371 2542 uxore
393 2499 466 2543 mea
490 2492 523 2544 et
546 2491 635 2543 certo
659 2484 815 2544 comitatu
838 2482 947 2544 Idibus
967 2482 1049 2563 Junii
1066 2483 1200 2565 Pragam
1217 2482 1430 2543 nundinatum
1446 2481 1626 2561 proficisse

169 2585 275 2647 batur.
298 2583 362 2664 Qui
384 2605 486 2667 quum
510 2586 585 2647 solis
608 2586 747 2648 fervores
771 2589 869 2648 nimio
885 2596 963 2648 tunc
979 2596 1069 2648 aestu
1085 2586 1259 2649 adurentes
1275 2585 1434 2647 declinare
1449 2586 1626 2662 studerent,

168 2697 272 2750 noctu
294 2689 353 2750 iter
376 2688 539 2772 agendum
571 2689 744 2771 elegerunt,
775 2708 915 2771 cumque
946 2693 1009 2751 iam
1041 2693 1270 2770 intempestam
1297 2688 1486 2772 (noctem)²)
1509 2692 1627 2753 adven·
1643 2709 1668 2750 ro

167 2800 258 2853 tasse
281 2795 435 2855 sentirent
457 2794 642 2872 incautique
665 2813 703 2855 ac
725 2795 885 2873 explorati
907 2796 1083 2869 transirent,
1114 2815 1133 2856 a
1156 2797 1265 2874 paucis
1288 2795 1482 2875 quibusdam
1506 2813 1627 2876 grassa·

166 2897 295 2958 toribus
310 2897 402 2958 multi
417 2897 544 2977 spoliati
559 2907 642 2959 sunt
658 2896 840 2959 Duodecim
853 2900 938 2959 enim
955 2917 1090 2961 numero
1106 2917 1207 2977 quum
1223 2908 1339 2972 essent,
1356 2917 1458 2973 enses,
1470 2897 1626 2960 venabula

168 3012 204 3061 et
225 2999 436 3062 arcubalistas
459 3001 624 3076 habentes,
656 3012 795 3081 quatuor
819 3002 1002 3065 latrunculis
1024 3021 1193 3082 opponere
1216 3022 1287 3065 sese
1310 3005 1378 3064 ausi
1402 3022 1467 3064 non
1491 3003 1626 3078 suerunt,

167 3104 315 3166 videntes
337 3124 396 3166 eos
419 3124 526 3186 neque
549 3106 671 3185 clypeis
695 3125 801 3186 neque
824 3105 1008 3169 thoracibus
1033 3127 1104 3168 esse
1128 3109 1281 3180 munitos,
1304 3107 1391 3190 digni
1410 3106 1558 3187 proiecto
1573 3126 1626 3169 me

165 3208 281 3281 iudice,
303 3211 358 3288 qui
382 3226 441 3287 pro
464 3219 555 3271 tanta
578 3212 704 3293 ignavia
727 3220 760 3272 et
783 3210 1042 3289 pusillanimitate
1064 3229 1178 3271 omnes
1194 3211 1235 3271 ad
1253 3212 1491 3273 internitionem
1513 3210 1626 3272 caede·
1641 3227 1667 3269 rs

166 3321 287 3374 rentur.
313 3311 397 3375 Huic
420 3314 516 3394 igitur
539 3333 641 3393 puero
664 3326 696 3376 et
719 3314 860 3375 familiari
879 3333 952 3375 meo
969 3316 1050 3375 inter
1066 3313 1126 3374 alia
1143 3325 1175 3375 et
1192 3314 1299 3394 penda
1315 3315 1476 3392 quaedam
1492 3316 1627 3377 viatoria

167 3415 312 3478 detracta
336 3427 394 3492 est,
428 3418 457 3479 in
489 3438 553 3498 qua
586 3421 650 3480 iam
674 3420 777 3481 dictas
800 3420 908 3480 literas
931 3418 1105 3479 servandas
1127 3426 1289 3496 posuerat.
1314 3417 1437 3497 Captus
1460 3419 1502 3480 ab
1529 3421 1574 3480 eis
1594 3429 1626 3481 et

168 3521 259 3593 liber,
289 3539 387 3600 quem
417 3521 532 3602 Joanni
564 3542 639 3584 meo
671 3526 829 3598 miseram,
859 3526 890 3586 in
914 3542 979 3602 quo
1002 3524 1210 3605 grammatica
1240 3521 1363 3583 Nicolai
1392 3520 1564 3602 Sypontini
1594 3533 1626 3583 et

169 3622 272 3685 altera
302 3624 428 3706 Sulpitii
462 3625 623 3701 Verulani,
651 3629 744 3689 tertia
774 3646 850 3688 vero
881 3626 1040 3688 Francisci
1071 3626 1160 3709 Nigri
1189 3646 1262 3687 cum
1298 3627 1460 3688 nonnullis
1490 3627 1625 3688 aliorum

169 3729 335 3807 opusculis
357 3731 591 3807 continebatur.
614 3731 717 3793 Vides
741 3732 882 3793 latrones
906 3750 1011 3811 neque
1028 3731 1215 3793 chartaceae
1231 3731 1419 3810 supellectili
1436 3731 1626 3811 pepercisse.
1639 3746 1667 3788 ao

170 3831 280 3913 Spero
303 3844 420 3912 tamen,
449 3835 539 3914 quod
564 3836 761 3916 propediem,
792 3838 906 3896 sinon
938 3854 1060 3908 omnes,
1092 3835 1217 3915 aliquos
1250 3846 1357 3897 tamen
1389 3835 1514 3898 illorum
1538 3853 1625 3896 com·

172 3936 393 4016 prehendam
434 3939 476 4000 ad
507 3942 615 4001 omnia
644 3939 804 4020 siquidem
833 3941 904 4001 loca
936 3941 1130 4008 stationaria,
1163 3942 1194 4000 in
1227 3940 1345 4020 quibus
1379 3960 1437 4003 eos
1471 3940 1624 4002 diversari

171 4043 320 4122 cognovi,
342 4045 457 4104 tacitos
480 4044 704 4122 exploratores
726 4045 803 4106 misi.
841 4043 934 4122 Quos
956 4046 980 4104 si
1005 4043 1290 4125 comprehendam,
1322 4063 1387 4107 non
1418 4043 1481 4108 alio
1512 4045 1625 4106 mortis

172 4163 292 4227 genere
322 4147 456 4226 perdere
487 4150 596 4228 patiar,
631 4168 727 4228 quam
760 4161 794 4210 ut
825 4150 884 4209 vivi
915 4147 1003 4210 infixi
1037 4148 1118 4229 palis
1149 4151 1277 4212 meritas
1310 4151 1517 4229 grassationis
1547 4167 1625 4210 suae

172 4268 296 4328 poenas
319 4250 510 4329 persolvant.
555 4251 596 4313 Et
619 4251 660 4313 de
683 4252 731 4313 his
754 4252 931 4331 hucusque.
956 4251 1030 4313 Non
1054 4253 1178 4326 dubito,
1210 4255 1285 4332 quin
1309 4253 1372 4313 iam
1395 4252 1477 4315 forte
1500 4262 1664 4331 partemne

172 4354 313 4434 aliquam
346 4356 517 4439 apologiae
548 4356 746 4418 Bessarionis
774 4357 941 4418 cardinalis
973 4356 1091 4432 Niceni,
1122 4376 1220 4437 quam
1251 4376 1310 4435 pro
1334 4356 1468 4419 Platone
1494 4358 1626 4434 scripsit,

171 4457 354 4540 perlegeris
378 4457 539 4540 Cuperem
564 4480 640 4544 ergo
663 4463 753 4536 scire,
777 4461 946 4541 quomodo
971 4462 1027 4523 tibi
1051 4464 1081 4522 in
1105 4459 1156 4522 illo
1180 4461 1356 4540 primordio
1379 4461 1512 4539 placeat.
1546 4460 1625 4522 Mihi

171 4565 303 4623 sanein
327 4573 397 4625 toto
421 4565 602 4644 plurimum,
624 4585 668 4626 ex
690 4585 756 4645 quo
780 4567 811 4626 in
834 4584 872 4626 ea
896 4565 1046 4638 Platonis,
1072 4565 1210 4625 hominis
1233 4583 1317 4644 pene
1340 4565 1443 4639 divini,
1472 4568 1556 4627 vitae
1579 4566 1624 4626 in·

171 4667 353 4749 tegritatem
378 4672 636 4751 omnigenaeque
659 4669 882 4748 philosophiae
905 4670 1128 4732 excellentiam
1149 4670 1318 4730 verissimis
1335 4680 1367 4731 et
1382 4670 1626 4733 evidentissimis

172 4775 370 4852 argumentis
393 4785 424 4834 et
448 4774 695 4852 probationibus
726 4776 768 4836 ita
799 4775 841 4835 ab
872 4793 912 4835 eo
943 4773 1067 4835 sortiter
1096 4773 1177 4834 tueri
1205 4785 1236 4835 et
1267 4772 1395 4835 defendi
1425 4774 1561 4850 videam,
1591 4782 1667 4834 ut³⁰

260 4961 278 5029 ¹)
297 4961 438 5015 Datovani
456 4961 520 5013 listu
539 4962 637 5015 tohoto
655 4980 672 5013 v
691 4961 800 5030 ptepise
819 4960 914 5027 zajiste
936 4960 992 5028 jest
1014 4960 1142 5028 nedplnt,
1163 4959 1210 5027 jak
1230 4959 1343 5029 uirazuje
1368 4960 1413 5013 tei
1440 4959 1625 5029 grammatilra

171 5049 250 5115 (pled
270 5047 406 5101 Calendas
426 5049 571 5117 vynechtn
590 5049 674 5117 podet
692 5047 930 5116 ptedchazejicich
950 5048 1016 5116 dni).
1037 5049 1140 5100 Krome
1159 5049 1227 5101 toho
1240 5047 1318 5100 brtni
1338 5047 1345 5099 i
1366 5046 1463 5112 obsah,
1482 5046 1623 5116 abychom

172 5133 301 5201 postavili
319 5134 366 5186 list
383 5141 461 5187 tento
479 5151 513 5187 za
530 5134 584 5187 oba
603 5134 775 5202 nasledujici,
792 5135 837 5202 jair
857 5135 892 5203 by
905 5134 1076 5203 vyiadovalo
1089 5136 1193 5187 datum.
1213 5135 1272 5187 Rolr
1286 5137 1383 5187 ovdem
1398 5135 1478 5202 podle
1492 5134 1626 5188 mistniho

174 5221 307 5273 oznadeni
324 5220 379 5287 jest
398 5221 510 5290 ziejmv'z

260 5312 280 5375 ¹²)
300 5308 418 5362 Piidaiva
438 5310 596 5378 vyduvatel.
