3674 5858
620 116 670 188 Jan
689 105 802 173 Sleclrta
820 120 983 174 Plsecltemu
1005 118 1079 175 1507.
1542 121 1576 178 ut

122 329 210 392 lites:
235 329 369 391 viderint
392 329 473 392 haec
495 330 665 393 doctiores.
691 330 820 394 Mecum
844 353 920 395 vero
944 335 1107 414 praeclare
1129 346 1321 416 tempestate
1344 338 1404 398 ista
1419 348 1575 419 ageretur,

119 436 148 494 si
171 436 312 515 gravitas
334 446 398 511 tua,
421 434 468 495 vir
490 435 765 511 excellentissime,
793 438 868 498 istas
890 440 1028 518 ineptias
1051 459 1091 501 eo
1115 443 1291 520 susceperit
1314 441 1431 514 animo,
1455 461 1521 523 quo
1545 453 1576 504 et

118 539 152 598 in
177 557 349 600 numerum
373 549 515 618 tuorum,
539 542 593 619 qui
615 540 673 602 tibi
688 559 754 602 non
770 543 870 622 ignoti
893 553 976 618 sunt,
1000 542 1170 618 adscribat,
1195 554 1227 605 et
1250 542 1472 606 Bessarionem
1489 545 1577 608 illum

113 653 213 704 tuum
237 643 435 722 quandoque
465 643 600 705 videam.
629 642 684 704 lllo
714 643 834 706 etenim
865 647 1001 708 ductore
1031 649 1168 708 arbitror
1198 667 1250 709 me
1280 646 1413 710 Platona
1443 648 1574 710 tandem

17 819 21 826 ,
112 746 343 809 salutaturum.
376 746 474 809 Hunc
497 749 591 829 igitur
613 749 803 827 inspiciundi
829 752 854 811 si
877 749 1065 812 Dominatio
1095 750 1167 812 Tua
1198 752 1273 813 milri
1296 753 1423 831 copiam
1447 752 1574 828 faceret,
1601 767 1614 806 ὁ

111 850 224 913 fateor
247 852 322 913 milri
343 861 374 911 et
398 851 648 913 benemerendi
672 863 703 915 te
733 864 764 914 et
785 855 905 934 gratiae
933 855 1118 917 referendae
1148 855 1345 918 voluntatem
1369 858 1473 918 inesse
1495 856 1574 937 (sic).

108 954 213 1018 Tuae
236 955 381 1037 dignitati
405 974 457 1016 me
479 955 634 1018 devoveo.
661 956 774 1019 Valeat
798 960 921 1036 optime
945 958 1131 1019 Dominatio
1155 958 1264 1039 Tua.¹)

814 1265 884 1328 Vll.

448 1406 529 1500 Jan
557 1383 727 1480 blechta
755 1403 951 1480 Vaclavu
980 1404 1244 1479 Piseckemu.

205 1595 241 1664 (V
261 1594 370 1653 Prnzot
389 1594 472 1649 ¹⁶07
493 1626 525 1634 -
544 1595 567 1648 1.
588 1591 700 1649 betuna
733 1592 873 1662 Vynas‘eje
892 1592 994 1646 boiske
1018 1593 1165 1648 dobrodinl
1188 1597 1398 1664 vynalezeneho
1416 1596 1490 1650 tislru
1508 1597 1570 1651 tale

83 1700 158 1743 se,
176 1682 257 1751 podle
276 1682 361 1747 litere,
387 1681 491 1736 stare-li
511 1681 536 1734 ci
555 1681 652 1748 nejalte
672 1679 796 1733 moderni
816 1679 1001 1750 grammatilry
1025 1681 1107 1734 hodia
1126 1682 1196 1750 ttky
1215 1684 1264 1736 sve
1283 1682 1359 1745 uerti,
1383 1682 1437 1752 aby
1453 1683 1474 1752 ji
1494 1685 1569 1738 mohl

80 1787 153 1833 za
177 1769 307 1823 ucebnici
329 1786 402 1839 synu
429 1770 529 1823 avemo
556 1770 622 1821 vbas
647 1766 768 1835 opatliti‚
793 1766 801 1819 i
827 1767 962 1835 navrhuje
989 1769 1176 1836 grammatiltu
1204 1769 1367 1838 Sulpitiovu.
1403 1770 1485 1838 (List.
1511 1770 1568 1839 rlrp.

74 1855 170 1918 err.
188 1857 294 1923 xvur.)

199 1998 341 2080 Joannes
362 1999 511 2065 Sslechta
534 2000 575 2061 de
598 1996 756 2060 Wssehrd
779 2008 811 2059 et
835 2001 864 2058 in
889 1996 1059 2061 Kostelecz
1087 1997 1129 2058 ad
1157 1995 1266 2059 Albim
1297 1997 1428 2061 fluvium
1451 1997 1568 2061 Vince·

58 2107 187 2177 slao
208 2103 374 2179 Piescensi,
404 2103 583 2166 liberalium
607 2104 721 2164 artium
747 2103 901 2183 magistro
925 2122 948 2162 s.
972 2101 1004 2162 d.
1044 2099 1182 2163 Ommisi
1205 2102 1270 2164 heri
1293 2122 1350 2183 per
1373 2100 1568 2165 oblivionem

58 2210 203 2288 loqui
225 2222 330 2271 tecum
355 2220 387 2270 et
410 2209 470 2271 abs
493 2219 524 2269 te
547 2226 712 2288 quaerere,
742 2226 824 2287 quos
854 2218 985 2270 autores
1012 2226 1054 2268 ex
1085 2208 1300 2290 grammaticis
1331 2210 1361 2269 in
1386 2206 1568 2271 erudiendis
1583 2236 1607 2273 ru

58 2313 178 2382 illis
197 2314 335 2392 puerulis
357 2313 486 2395 elligere
509 2311 655 2387 volueris,
683 2324 850 2376 veteresne
880 2331 920 2372 an
944 2313 1148 2387 recentiores,
1176 2331 1276 2392 quum
1300 2313 1362 2374 sint
1384 2311 1568 2392 complures

61 2419 281 2496 utrimque,
313 2428 348 2478 ut
372 2414 534 2479 intellecto
558 2435 599 2477 eo
622 2419 745 2496 possim
769 2416 835 2478 filio
860 2435 934 2478 meo
957 2416 999 2476 de
1022 2415 1141 2477 talibus
1167 2416 1252 2478 libris
1282 2417 1470 2496 tempestive
1493 2435 1567 2495 pro·

62 2519 230 2585 videre.
267 2519 424 2604 Magnum
447 2523 543 2596 enim,
573 2532 607 2583 ut
631 2522 727 2595 vides,
755 2532 787 2583 et
810 2540 893 2601 pene
916 2519 1097 2581 immortale
1120 2518 1310 2582 beneficium
1342 2520 1414 2582 huic
1436 2530 1567 2582 nostrae

66 2627 208 2689 aetati
229 2643 376 2687 summus
399 2625 451 2687 ille
473 2644 579 2687 rerum
596 2625 746 2687 conditor
760 2637 792 2686 et
809 2625 995 2686 moderator
1011 2626 1207 2685 concessisse
1230 2624 1353 2686 videtur
1376 2644 1418 2686 ex
1434 2623 1565 2687 mirifica

70 2729 398 2807 imprimendorum
428 2729 581 2791 librorum
612 2731 803 2805 inventione,
834 2747 918 2809 quae
947 2726 1062 2788 diebus
1086 2730 1202 2789 nostris
1225 2740 1353 2807 reperta
1376 2739 1432 2802 est,
1463 2748 1562 2809 quum
1578 2751 1604 2794 rs

76 2843 207 2894 antea
228 2832 398 2897 illustrium
427 2834 600 2895 authorum
624 2834 766 2895 maxima
797 2843 883 2895 esset
913 2835 1056 2912 penuria,
1088 2833 1209 2911 quippe
1237 2835 1291 2912 qui
1322 2832 1372 2894 vel
1405 2833 1564 2896 maiorum

79 2948 294 3000 nostrorum
329 2937 531 3021 neglegentia
561 2948 658 3019 atque
689 2939 809 2999 inscitia
840 2939 968 3016 penitus
1002 2937 1195 3010 interierant,
1224 2936 1274 2996 vel
1305 2947 1432 2998 tantum
1462 2957 1564 3017 penes

88 3037 223 3103 divites
244 3055 276 3105 et
300 3054 451 3123 potentes
474 3045 559 3104 viros
582 3054 696 3115 essent,
720 3044 774 3122 qui
798 3060 864 3103 uon
888 3053 953 3103 tam
978 3041 1139 3102 literarum
1157 3041 1269 3102 studiis
1292 3041 1442 3104 insudare
1465 3060 1563 3121 quam

93 3146 321 3228 congerendis
343 3146 459 3208 divitiis
481 3157 514 3208 et
537 3146 786 3225 multiplicandis
816 3145 994 3207 honoribus
1020 3144 1125 3205 solent
1149 3144 1321 3206 inhaerere.
1358 3145 1408 3208 Eo
1431 3157 1563 3209 ventum

99 3261 191 3325 erat,
207 3261 241 3312 ut
263 3252 324 3311 rari
347 3259 379 3311 et
403 3251 423 3311 ii
445 3268 512 3312 non
534 3249 658 3329 absque
681 3253 824 3312 maxima
855 3247 1041 3311 difficultate
1072 3248 1113 3309 ad
1142 3250 1368 3311 suavissimum
1398 3249 1604 3313 doctrinaeso

105 3364 238 3426 portum
260 3365 395 3433 possent
417 3354 590 3434 pervenire.
615 3353 721 3415 Nemo
745 3357 840 3429 enim,
869 3355 931 3414 acri
956 3352 1028 3415 licet
1052 3353 1179 3435 ingenio
1203 3353 1375 3433 divinaque
1398 3357 1562 3429 memoria,

11 3438 20 3453 ’
113 3453 231 3537 absque
252 3461 339 3521 varia
361 3471 394 3521 et
417 3458 580 3538 multiplici
603 3461 799 3538 optimorum
824 3461 1015 3538 scriptorum
1049 3456 1186 3518 lectione
1216 3457 1334 3519 doctus
1361 3457 1477 3521 evadit.
1516 3457 1560 3521 Ut

119 3563 197 3622 enim
217 3562 356 3646 agricola
379 3566 526 3644 quamvis
549 3562 649 3625 durus
672 3573 704 3624 et
727 3562 845 3625 laboris
870 3564 995 3643 patiens
1018 3580 1113 3643 agros
1135 3562 1241 3623 colere
1263 3581 1329 3624 non
1353 3573 1468 3641 potest,
1502 3563 1561 3623 nisi

124 3660 252 3729 babuerit
275 3686 441 3729 vomerem
463 3679 495 3729 et
518 3669 637 3730 incurvi
668 3686 763 3749 grave
786 3667 885 3729 robur
908 3668 1001 3728 aratri
1032 3679 1063 3728 et
1093 3679 1201 3728 cetera
1224 3667 1438 3750 agriculturae
1461 3686 1559 3742 arma,

131 3767 184 3831 sine
200 3773 313 3852 quibus
335 3791 397 3834 nec
419 3781 556 3851 potuere
579 3772 640 3832 seri
662 3790 722 3833 nec
746 3790 876 3853 surgere
899 3789 1037 3843 messes;
1064 3783 1099 3832 ut
1123 3769 1221 3844 miles,
1244 3771 1334 3831 fortis
1357 3773 1503 3852 quamvis
1526 3781 1598 3834 etur

135 3875 279 3951 animosus,
303 3895 370 3938 non
393 3874 476 3938 valet
497 3875 613 3937 referre
636 3894 679 3935 ex
701 3876 796 3938 hoste
819 3877 995 3948 victoriam,
1018 3877 1044 3935 si
1067 3876 1195 3935 inermis
1211 3886 1323 3957 pergat
1339 3875 1381 3936 ad
1396 3893 1557 3958 pugnam;

137 3985 161 4035 ut
177 3992 267 4056 nauta,
292 3980 367 4044 licet
389 3992 549 4042 astrorum
572 3991 604 4042 et
627 3980 798 4063 navigandi
822 3983 949 4059 peritus
981 3998 1075 4041 suum
1102 3998 1250 4040 exercere
1274 3979 1384 4059 nequit
1408 3978 1556 4055 officium,

139 4079 157 4137 sl
172 4088 288 4147 nauticis
310 4096 418 4148 careat
441 4087 648 4147 armamentis
695 4087 737 4146 ita
765 4086 837 4146 viris
868 4084 909 4145 ad
940 4084 1045 4145 literas
1075 4084 1158 4144 natis
1180 4102 1294 4163 parum
1317 4095 1453 4163 prosunt
1474 4085 1557 4146 vires

140 4180 230 4265 ingenii,
250 4192 275 4253 si
299 4192 345 4252 eis
368 4189 526 4253 defuerint
548 4190 758 4253 instrumenta
782 4187 936 4250 discendi.
970 4187 1189 4249 Grammatica
1219 4184 1344 4267 Sulpitii
1367 4186 1556 4267 Verulani2)

140 4287 231 4355 videtur
251 4294 325 4356 milri
348 4312 415 4357 non
438 4295 696 4356 contemnendae
724 4293 867 4355 utilitatis
898 4312 940 4352 ex
964 4294 1204 4368 recentioribus,
1233 4293 1352 4371 inqua
1382 4292 1483 4354 multa
1506 4309 1596 4353 vem

140 4396 214 4458 tetum
242 4407 414 4478 praecepta
453 4397 739 4479 deprehenduntur
778 4398 819 4458 de
852 4396 1022 4458 nominum
1061 4396 1336 4470 declinationibus
1374 4396 1555 4477 generibus,
1592 4408 1595 4413 '

201 4582 350 4651 ¹)Vrocenl
374 4584 438 4640 listu
462 4586 560 4638 tohoto
587 4585 652 4638 neni
677 4585 798 4648 obtimo,
826 4585 981 4653 neurllitym
1011 4583 1124 4635 zusttvt
1152 4582 1239 4635 tolilro
1263 4582 1343 4636 blitst
1364 4582 1450 4635 udanl
1478 4584 1553 4636 Casu.

140 4660 243 4739 llltdujej
261 4691 297 4727 na
314 4680 374 4726 toto
393 4672 485 4737 misto,
504 4673 647 4741 ponevadl
666 4691 696 4725 se
715 4691 732 4724 v
751 4676 815 4725 nem
835 4672 923 4725 latina
941 4672 1052 4724 zmtnta
1066 4688 1083 4723 o
1096 4671 1186 4739 synku
1199 4657 1347 4722 Sicchtove
1364 4668 1436 4736 jeste
1455 4669 1553 4737 nedeje

138 4764 185 4805 Μ
197 4758 295 4826 plicenl
313 4759 392 4829 spisu
403 4759 611 4815 Bessarionova
623 4777 654 4812 se
668 4759 744 4812 lant.
764 4759 866 4811 Kteralr
880 4777 909 4811 se
924 4758 981 4826 spis
1000 4766 1077 4811 tento
1097 4757 1263 4810 Plseclremu
1282 4757 1339 4817 libi,
1358 4774 1393 4809 na
1411 4763 1440 4808 to
1457 4757 1504 4824 pta
1522 4773 1553 4809 se

136 4834 185 4903 juo
198 4830 298 4901 treenta
314 4846 537 4901 vitandarum
559 4847 601 4900 uo.
621 4849 724 4900 eervna
745 4845 810 4897 inor
830 4847 891 4914 vers.
912 4847 980 4906 ut).

201 4930 455 5002 'logiammatice
473 4934 532 4988 teto
555 4935 662 4987 advou
678 4933 785 5002 jinvch,
810 4951 826 4984 o
846 4933 927 4984 nichl
954 4933 1082 4984 mluveno
1109 4949 1125 4982 v
1150 4931 1212 4983 lists
1239 4930 1440 4999 nasledujlclm,
1459 4947 1551 4985 srovn.

135 5013 303 5074 Humanismus
321 5030 368 5075 str.
389 5020 447 5075 135.
