3652 5858
555 399 606 468 Jan
624 396 738 451 slechu
756 395 920 450 Piseckemu
941 395 1016 450 1507.
1477 394 1511 447 41

56 609 214 685 adhibuit
237 610 397 691 siquidem
419 631 459 673 ea
482 630 555 673 vera
578 612 735 689 sapientia
758 620 815 682 est,
839 610 888 670 cui
911 611 1002 689 quasi
1026 608 1095 670 sola
1118 608 1258 681 materia,
1281 626 1379 688 quam
1395 616 1511 669 tractet

57 724 92 778 et
114 717 148 776 in
170 734 238 796 qua
259 724 412 790 versetur,
435 710 590 778 Cicerone
612 723 695 777 teste
717 715 834 775 veritas
849 714 995 775 subiecta
1009 722 1066 773 est.
1090 710 1252 790 Quoniam
1268 731 1346 773 vero
1366 713 1511 774 omnium

58 818 328 900 pbilosophorum
352 820 488 881 familiae
509 819 551 879 ab
576 818 636 878 hoc
660 837 725 879 uno
749 828 905 895 tanquam
937 819 1081 878 omniurn
1106 824 1240 896 parente
1263 824 1354 877 ortae
1377 836 1415 878 ac
1438 835 1512 894 pro·

56 925 187 1007 genitae
215 932 300 997 sunt,
333 921 376 984 ad
405 942 505 985 unum
533 941 665 1003 quoque
696 940 810 983 omnes
840 923 870 982 in
902 940 943 982 eo
974 922 1115 981 maxime
1145 919 1377 992 laboraverunt,
1412 932 1446 981 ut
1477 939 1512 981 se

57 1029 265 1107 potissimum
298 1029 376 1089 tueri
406 1025 545 1091 Socratis
574 1027 766 1088 sententiam
796 1034 1003 1098 ostentarent,
1035 1023 1256 1086 existimantes
1287 1024 1442 1104 tantisper
1474 1043 1510 1085 se
1538 1049 1552 1089 n

55 1150 154 1194 veros
183 1130 397 1211 philosophos
426 1149 504 1203 esse,
538 1131 564 1192 si
596 1149 670 1192 vere
700 1126 854 1191 Socratici
884 1128 1078 1191 viderentur.
1124 1127 1226 1189 Multa
1259 1127 1377 1203 docuit,
1411 1129 1512 1190 muita

57 1233 218 1310 disseruit,
240 1233 341 1296 multa
363 1233 538 1309 illustravit,
569 1254 653 1314 quae
676 1233 718 1294 ad
740 1235 839 1296 vitam
863 1233 1030 1296 hominum
1055 1230 1332 1307 conformandam,
1362 1251 1446 1311 quae
1468 1232 1510 1294 ad

56 1340 210 1401 virtutem
232 1337 473 1418 capessendam,
497 1357 581 1418 quae
603 1338 644 1399 ad
668 1337 850 1400 facilitatem
873 1336 1115 1417 adipiscendam
1138 1337 1305 1414 pertinent.
1325 1334 1403 1411 Sed,
1422 1337 1511 1416 quod

56 1443 172 1522 iniquo
194 1440 362 1504 serendum
386 1451 435 1503 est
458 1444 575 1514 animo,
597 1461 676 1503 voce
700 1452 825 1503 tantum
850 1452 881 1503 et
904 1442 1014 1521 lingua
1035 1440 1171 1519 proluit;
1196 1438 1301 1500 nullae
1316 1441 1384 1501 eius
1399 1452 1512 1503 extant

56 1545 182 1620 literae,
211 1545 297 1607 nulla
320 1547 436 1628 ingenii
459 1556 682 1608 monumenta.
726 1542 858 1624 Scripsit
890 1547 1022 1606 omnino
1053 1542 1127 1604 nihil
1159 1542 1445 1623 Pythagoreorum,
1477 1555 1552 1609 utro

56 1660 152 1731 puto,
175 1669 298 1713 morem
322 1650 516 1720 observans;
541 1651 773 1730 periissentque
796 1648 958 1731 praeclara
982 1650 1051 1710 eius
1074 1647 1130 1708 viri
1156 1645 1287 1708 decreta
1310 1666 1347 1708 ac
1363 1648 1513 1711 salutaria

58 1751 226 1836 dogmata,
260 1755 285 1815 si
316 1773 381 1815 non
416 1753 468 1815 illa
500 1752 591 1816 Plato
622 1752 720 1815 literis
750 1764 848 1833 atque
880 1752 1108 1813 immortalitati
1143 1751 1411 1825 commendasset,
1445 1755 1513 1815 iure

57 1860 187 1938 optimo
209 1856 400 1933 laudandus,
431 1877 530 1939 quum
554 1859 586 1918 in
609 1870 852 1939 praeceptorem
880 1860 962 1918 bene
985 1856 1026 1916 de
1049 1875 1085 1917 se
1109 1858 1258 1918 meritum
1281 1858 1453 1938 gratiorem
1477 1879 1513 1920 se

57 1963 264 2042 praestiterit,
293 1979 392 2043 quam
423 1960 617 2040 discipulum
646 1973 799 2041 expertus
830 1973 909 2023 erat.
956 1959 1058 2021 Multa
1092 1959 1223 2039 quidem
1254 1961 1378 2040 scripsit
1412 1960 1511 2024 Plato.

56 2065 188 2148 Dialogi
210 2077 322 2128 extant
341 2066 532 2145 complures
556 2066 675 2145 quibus
691 2066 741 2126 ille
757 2064 887 2126 mirifice
904 2063 1081 2126 delectatus
1097 2073 1154 2124 est.
1178 2061 1308 2143 Ubique
1324 2062 1510 2144 loquentem
1526 2086 1551 2127 rs

56 2170 133 2231 iacit
156 2168 338 2244 Socratem;
362 2188 560 2250 quamquam
590 2188 667 2231 vero
690 2180 917 2248 percontantes
947 2168 1078 2229 diversis
1108 2168 1188 2229 locis
1211 2168 1351 2229 diversas
1377 2188 1509 2249 quoque

55 2272 183 2336 inducit
206 2292 372 2353 personas
395 2275 449 2335 uni
472 2284 582 2335 tamen
604 2272 728 2334 Socrati
751 2285 782 2334 et
805 2270 964 2333 iudicandi
980 2273 1205 2333 auctoritatem
1229 2283 1260 2333 et
1283 2272 1509 2351 disputationis

55 2380 166 2440 omnis
187 2377 331 2457 palmam
354 2378 472 2440 tribuit.
504 2376 639 2440 Summa
663 2397 812 2457 quaeque
835 2376 944 2439 studia
966 2386 1065 2456 atque
1088 2375 1193 2437 officia
1216 2377 1375 2440 debentur
1398 2397 1509 2457 paren-

55 2482 155 2555 tibus,
177 2483 237 2545 sed
259 2492 344 2543 certe
367 2501 433 2544 non
458 2482 506 2543 his
529 2481 686 2554 inferiora,
717 2501 736 2542 a
768 2481 888 2561 quibus
911 2491 1083 2559 praecepta
1115 2492 1147 2542 et
1178 2482 1322 2543 instituta
1350 2484 1516 2544 manarint.

54 2582 143 2648 Sunt
174 2585 216 2648 illi
249 2588 466 2668 generationis
496 2597 654 2660 auctores,
689 2585 722 2647 hi
752 2605 827 2646 vero
857 2588 1037 2647 animorum
1070 2584 1190 2645 alumni
1224 2605 1262 2646 ac
1285 2585 1369 2646 bene
1392 2585 1558 2648 vivendino

55 2689 169 2752 duces.
214 2689 303 2752 Fecit
334 2691 429 2772 igitur
457 2709 575 2774 magna
605 2709 679 2751 cum
703 2688 800 2751 laude
830 2701 861 2751 et
893 2690 1132 2770 adprobatione
1155 2689 1303 2751 omnium
1328 2689 1429 2764 Plat0,
1464 2692 1518 2770 qui

55 2813 137 2874 prae
167 2796 281 2857 ceteris
308 2795 460 2856 omnibus
490 2792 659 2856 Socratem
693 2796 834 2855 maxime
865 2813 994 2872 semper
1027 2795 1160 2855 coluerit
1194 2813 1232 2853 ac
1263 2805 1435 2856 veneratus
1470 2794 1518 2857 sit.

56 2896 159 2977 Quod
181 2900 207 2960 si
229 2898 317 2960 idem
340 2897 465 2960 Platoni
490 2896 683 2961 Aristoteles
713 2899 931 2977 praestitisset,
963 2910 998 2959 ut
1022 2916 1138 2958 omnes
1168 2897 1331 2978 diligentia
1362 2897 1518 2960 mortales

57 3013 158 3082 atque
180 3002 288 3064 studio
311 3004 480 3082 superavit,
511 3005 554 3064 ita
586 3002 785 3081 plenitudine
816 3002 919 3064 laudis
944 3012 976 3064 et
999 3001 1130 3063 cumulo
1153 3001 1276 3082 gloriae
1299 3000 1407 3062 fuisset
1432 3014 1518 3063 certe

57 3117 230 3185 superatus
253 3126 272 3166 a
296 3109 433 3169 nemine.
457 3105 551 3184 Quae
574 3110 683 3167 onmia
706 3109 732 3168 si
755 3109 877 3168 iustiori
901 3109 1027 3181 trutina,
1050 3125 1147 3186 quam
1172 3105 1254 3181 fecit,
1277 3104 1556 3185 Trapezuntiusos

59 3211 286 3283 examinasset,
309 3228 476 3290 nunquam
500 3211 568 3272 falsi
592 3223 625 3273 et
647 3213 745 3291 iniqui
768 3212 1009 3273 calumniatoris
1033 3222 1064 3271 et
1089 3211 1315 3272 conviciatoris
1338 3220 1450 3272 uotam
1472 3213 1516 3271 in-

59 3316 217 3376 currisset.
264 3314 378 3376 Paucis
403 3315 445 3375 ad
469 3325 501 3376 te
524 3334 566 3376 ex
590 3314 778 3376 Boieslawia
802 3315 954 3377 hesterno
982 3315 1108 3392 vesperi
1137 3314 1200 3375 huc
1223 3316 1354 3375 veniens
1377 3315 1516 3376 scribere

60 3437 314 3499 proposueram3
338 3431 515 3498 postquam
539 3431 647 3481 autem
672 3420 834 3482 scribendi
857 3422 940 3481 viam
963 3421 1126 3501 ingressus
1149 3437 1230 3496 sum,
1252 3421 1362 3480 nescio
1378 3420 1449 3499 quis
1465 3438 1517 3479 me

59 3527 202 3602 impetus
225 3522 275 3585 vel
298 3521 476 3606 indignatio
499 3527 529 3585 in
554 3533 620 3584 tam
645 3525 776 3607 longum
802 3524 963 3586 scribendi
986 3543 1139 3602 campum
1163 3525 1313 3605 coegerit.
1338 3522 1425 3605 Ergo
1448 3523 1518 3584 vale

59 3640 92 3690 et
116 3646 179 3699 me,
202 3639 238 3690 ut
259 3626 355 3702 soles,
377 3646 460 3688 ama.
483 3625 581 3689 Filius
605 3647 697 3689 meus
720 3638 826 3689 utrum
850 3629 913 3690 iam
937 3631 968 3689 in
992 3629 1209 3691 contubernio
1225 3639 1257 3691 et
1274 3629 1335 3689 sub
1353 3629 1558 3707 disciplinans

60 3742 117 3792 tua
140 3744 277 3803 maneat,
302 3734 431 3803 nescio,
461 3730 587 3792 efficere
610 3732 672 3792 hoc
695 3733 827 3813 quidem
851 3733 963 3794 debuit
994 3735 1131 3816 coniuge
1154 3752 1226 3794 mea
1249 3746 1281 3794 et
1305 3752 1358 3793 me
1382 3744 1517 3814 rogante

60 3834 238 3917 Gregorius
266 3847 376 3896 noster
403 3834 578 3915 Gelensky.
624 3835 730 3898 Etiam
761 3836 830 3898 vale
852 3849 884 3897 et
908 3836 1041 3898 domino
1073 3838 1323 3899 administratori
1348 3849 1379 3898 et
1402 3839 1517 3898 ceteris

60 3939 182 4001 domus
203 3950 326 4002 vestrae
349 3942 509 4021 magistris
532 3942 761 4002 commendare
792 3961 844 4002 me
868 3940 954 4003 haud
979 3962 1143 4022 quaquam
1166 3943 1371 4003 obliviscaris.
1410 3940 1515 4002 Datae

60 4042 235 4105 Kostelecz
257 4044 298 4104 ad
322 4043 431 4105 Albim
455 4043 585 4105 fluvium
611 4044 665 4107 Vl.
689 4044 848 4108 Calendas
868 4045 940 4126 Julii
964 4066 1050 4107 anno
1073 4044 1192 4108 Christi
1220 4046 1308 4109 1507.

769 4288 808 4350 Χ.

388 4408 468 4503 Jan
498 4387 667 4484 Slechta
694 4409 889 4484 Viclavu
919 4410 1183 4485 Piseckemu.

151 4561 332 4616 VKosielcl
357 4562 414 4616 ned
435 4563 545 4617 l-abem
573 4564 658 4618 1507
682 4595 714 4603 -
735 4565 794 4620 30.
819 4563 941 4619 dervna.
973 4565 1110 4633 Odmltaje
1136 4566 1271 4632 pochvalu
1300 4565 1426 4618 vzdanou
1453 4564 1516 4618 listu

63 4648 163 4701 svemu
181 4647 234 4699 tesi
253 4665 292 4710 ee,
320 4647 351 4701 ie
375 4648 493 4717 Pisectt·
519 4651 598 4702 oddal
623 4669 653 4703 se
676 4652 789 4704 studiim
814 4651 1060 4721 bunranisticlryim,
1085 4669 1101 4705 a
1126 4651 1234 4719 pobada
1256 4650 1293 4719 jej
1319 4669 1336 4703 v
1358 4653 1386 4705 te
1411 4652 1516 4719 plidind

63 4733 222 4803 irpilnosti.
258 4734 354 4787 Zvlasi
377 4736 547 4805 doporutuje
573 4755 619 4790 mu
645 4739 761 4792 Platona
780 4738 787 4790 i
807 4737 899 4805 varuje
921 4738 958 4806 jej
978 4740 1091 4807 plilisne
1111 4741 1179 4807 pede
1199 4757 1215 4791 o
1234 4738 1393 4792 dialelrtiiru.
1430 4740 1515 4791 Krom

62 4821 173 4875 filososd
193 4822 238 4873 ma
257 4822 374 4892 Plsecky
400 4824 462 4875 taire
478 4823 575 4893 jinich
598 4827 714 4878 auttoru
733 4825 756 4878 si
776 4827 886 4879 hledeti.
923 4826 1024 4878 Pisatel
1048 4825 1144 4892 raduje
1169 4843 1199 4878 se
1229 4826 1354 4878 ironeini
1379 4825 1516 4893 pochvale

61 4908 170 4961 vzdane
189 4909 225 4960 od
242 4909 397 4962 Ptsecktno
416 4911 527 4963 vloham
546 4913 634 4981 synlra
653 4897 811 4975 Slecbtova‚
830 4930 846 4965 a
864 4911 970 4979 slibuje,
989 4912 1021 4966 ie
1041 4929 1087 4965 mu
1106 4911 1239 4980 portebne
1259 4912 1343 4980 lmihy
1357 4912 1455 4981 opatii,
1473 4913 1515 4965 ale

63 4997 115 5065 pry'¹
132 4994 166 5048 ai
184 5012 219 5063 po
238 4994 329 5049 inich.
351 4996 430 5064 (List.
449 4998 507 5066 rlrp.
527 4998 576 5051 tls.
596 4999 669 5068 XX)

148 5173 290 5254 joannes
313 5173 459 5238 Ssleclrta
484 5175 524 5236 de
547 5176 705 5238 Wsselrrd
729 5188 760 5239 et
784 5176 955 5238 Kostelecz
986 5177 1027 5238 ad
1050 5175 1162 5238 Albim
1186 5175 1315 5238 fluvium
1342 5174 1514 5238 Vinceslao
1528 5204 1556 5245 35

67 5276 224 5340 Piescensi
254 5299 278 5339 s.
308 5299 339 5359 p.
372 5280 402 5340 d.
447 5279 564 5343 Scribis
591 5292 624 5342 te
658 5301 701 5342 ex
731 5281 893 5344 literarum
929 5301 1074 5344 mearum
1105 5300 1208 5359 nuper
1241 5280 1283 5342 ad
1315 5292 1346 5342 te
1370 5280 1518 5342 datarum
