3674 5858
460 425 511 495 Jan
530 410 642 479 Slechta
661 425 858 487 Stanis'avovi,
880 424 998 495 biskupu
1016 424 1239 479 Olomouckemu
1259 423 1335 477 1522.
1591 423 1624 477 ul

169 645 203 695 et
228 635 271 696 de
294 636 393 698 rebus
417 636 459 697 ad
483 635 725 716 philosophiam
748 647 840 699 tuam
863 636 1089 718 spectantibus
1112 636 1291 699 identidem
1308 635 1508 710 disserendo
1532 656 1624 716 prae·

170 751 305 818 ceptum
337 752 417 821 puto
447 741 700 823 Pythagoricum
731 752 873 818 secutus,
904 743 958 824 qui
989 740 1169 820 discipulos
1199 761 1277 804 suos
1302 740 1454 816 docebat,
1477 750 1511 801 ut
1535 759 1570 801 se
1593 740 1625 801 in

171 843 309 922 speculo
340 864 405 907 non
435 845 478 906 ad
511 844 662 907 lucernae
693 846 752 907 sed
783 845 824 907 ad
856 845 933 908 solis
956 845 1066 907 lumen
1089 844 1353 925 specularentur,
1384 863 1444 905 nec
1467 844 1555 905 aliud
1579 843 1624 904 lu·

171 968 289 1009 cernae
319 947 491 1010 scintillam
520 949 678 1011 intellexit
707 950 767 1010 nisi
790 950 899 1011 adbuc
931 969 1046 1028 parum
1070 949 1236 1010 eruditum
1260 949 1413 1023 animum,
1444 947 1523 1009 solis
1546 967 1624 1009 vero
1706 1024 1709 1031 Ι

171 1051 282 1113 lumen
305 1072 371 1114 non
394 1051 482 1113 aliud
506 1072 604 1133 quam
628 1063 771 1114 mentem
788 1053 1048 1115 eruditissimam.
1074 1051 1160 1114 Nam
1182 1071 1257 1114 cum
1275 1052 1347 1132 quis
1363 1052 1459 1112 animi
1476 1052 1525 1113 sui
1543 1050 1623 1133 figu-
1651 1063 1664 1102 ⁵

171 1176 241 1217 ram
265 1158 389 1236 appetit
412 1157 582 1236 speculari,
606 1175 672 1218 non
695 1176 771 1218 cum
795 1157 936 1219 indoctis
953 1177 988 1218 se
1005 1159 1112 1237 ipsum
1137 1157 1196 1219 sed
1221 1176 1296 1218 cum
1322 1156 1520 1218 doctissimis
1545 1175 1622 1217 con·

170 1260 255 1323 ferre
287 1260 403 1338 debet;
434 1263 480 1324 sic
512 1263 598 1324 enim
629 1262 715 1324 clare
747 1262 919 1338 discernet,
953 1273 1111 1343 quantum
1147 1261 1307 1324 discendo
1344 1261 1487 1323 lucratus
1522 1259 1624 1338 luerit,

170 1376 373 1446 quantumve
396 1366 427 1427 in
451 1365 618 1445 pascendo
643 1368 752 1427 animo
775 1366 958 1447 profecerit,
982 1386 1058 1428 cum
1082 1366 1201 1428 doctos
1232 1367 1274 1428 ab
1298 1365 1438 1427 indoctis
1460 1366 1504 1426 ita
1528 1365 1624 1446 longe

171 1469 293 1531 distare
316 1467 512 1531 Aristoteles
535 1469 653 1532 doceat
677 1470 760 1533 sicut
787 1471 878 1533 vivos
894 1491 912 1531 a
930 1471 1075 1533 mortuis.
1099 1469 1181 1549 Quis
1205 1489 1271 1531 non
1295 1470 1391 1551 igitur
1415 1468 1534 1531 debeat
1556 1478 1623 1530 tam

171 1571 336 1634 laudabile
358 1573 540 1635 institutum
563 1584 656 1635 tuum
680 1575 712 1635 in
735 1574 790 1635 tali
813 1575 957 1636 virorum
982 1575 1158 1636 doctorum
1182 1575 1349 1650 exercitio,
1372 1593 1439 1655 quo
1462 1584 1664 1654 antegra-10

173 1677 279 1738 viores
310 1687 342 1738 et
366 1679 467 1740 serias
491 1698 543 1740 res
566 1697 626 1740 ceu
650 1680 804 1759 gymnico
835 1678 945 1758 aliquo
969 1677 1139 1759 praeludio
1163 1680 1272 1752 uteris,
1303 1698 1430 1741 summe
1454 1697 1530 1739 cum
1554 1676 1624 1739 lau·

171 1780 250 1842 dare
272 1790 343 1842 tum
367 1782 463 1843 etiam
487 1783 650 1862 probare?
673 1781 748 1861 Qua
772 1803 835 1844 una
859 1783 1015 1864 deinceps
1039 1803 1137 1844 causa
1162 1782 1307 1845 libellum
1331 1784 1417 1845 hunc
1441 1782 1499 1843 tibi
1523 1782 1624 1861 potis·

171 1885 290 1947 simum
314 1884 469 1948 dedicare
492 1888 597 1962 statui,
626 1898 660 1949 ut
684 1887 806 1949 scilicet
829 1888 892 1949 sub
915 1886 1017 1949 tutela
1041 1897 1097 1948 tua
1120 1906 1255 1949 manens
1278 1887 1463 1949 autoritatis
1487 1895 1519 1947 et
1542 1884 1622 1947 doc-

171 1989 276 2050 trinae
298 1998 376 2051 tuae
399 1990 510 2072 vigore
534 2010 595 2052 ceu
618 1990 816 2053 validissimo
844 1990 961 2071 clypeo
985 2001 1092 2053 tectus
1109 2011 1127 2052 a
1143 1990 1303 2053 zoilorum
1320 2000 1352 2053 et
1368 1990 1623 2072 vitilitigatorum

170 2094 339 2155 venenatis
362 2094 495 2174 spiculis
518 2105 550 2156 et
574 2095 695 2158 aculeis
717 2097 818 2157 tutior
834 2115 872 2157 ac
885 2098 1032 2157 securior
1048 2104 1142 2172 esset,
1165 2115 1241 2157 cum
1257 2095 1356 2157 hodie
1379 2094 1479 2156 lerme
1495 2093 1624 2155 infinitis
1639 2104 1663 2146 ¹⁵

171 2197 301 2258 insitum
326 2197 496 2260 videamus
519 2197 621 2260 aliena
645 2201 747 2281 magis
770 2200 975 2262 detrahendo
1000 2200 1240 2280 reprehendere
1264 2219 1363 2281 quam
1387 2219 1445 2259 sua
1469 2197 1622 2260 docendo

171 2300 221 2362 vel
251 2302 429 2363 scribendo
454 2304 682 2383 comprobare.
729 2303 836 2383 Quam
860 2305 1108 2384 perversitatem
1144 2304 1217 2365 hinc
1253 2303 1426 2365 emersisse
1460 2301 1623 2376 existimo,

171 2405 262 2483 quod
292 2406 355 2467 sibi
385 2409 524 2488 quisque
553 2407 759 2487 potissimum
791 2407 965 2482 blanditur,
995 2418 1028 2470 et
1051 2417 1210 2489 quantum
1233 2408 1302 2469 aliis
1325 2418 1455 2488 praeter
1479 2424 1622 2486 aequum

170 2508 322 2580 detrahit,
345 2519 473 2571 tantum
497 2511 557 2572 sibi
581 2511 755 2591 philautiae
778 2513 855 2575 vitio
879 2523 1008 2593 praeter
1033 2514 1184 2575 meritum
1207 2513 1320 2574 tribuit
1368 2512 1438 2594 Ego
1462 2531 1540 2572 vero
1564 2529 1622 2571 eos

170 2612 321 2674 homines
345 2612 441 2675 laude
468 2624 567 2695 atque
595 2617 880 2678 commendatione
905 2616 1021 2698 dignos
1045 2637 1173 2693 censeo,
1197 2618 1252 2698 qui
1269 2616 1416 2698 legend0,
1439 2612 1663 2689 scribendam

170 2718 437 2794 commentando,
453 2720 698 2799 interpretando
715 2720 914 2800 permultum
930 2721 1108 2802 vigilarunt,
1132 2732 1167 2784 ut
1182 2723 1307 2798 ceteris,
1330 2731 1489 2802 quantum
1505 2720 1623 2800 cuique

170 2823 287 2902 ingenii
304 2823 433 2884 bonitas
449 2824 620 2897 concessit,
644 2827 770 2904 possint
786 2825 954 2905 prodesse.
978 2826 1195 2887 Eruditorum
1211 2845 1290 2888 vero
1306 2826 1451 2887 virorum
1467 2823 1622 2885 iudicium

170 2935 201 2985 et
234 2946 405 2988 censuram
437 2947 503 2989 non
534 2928 673 2990 multum
704 2930 911 3010 pertimesco
947 2930 1005 2993 sed
1037 2929 1166 2992 illorum
1191 2931 1433 3010 improbitatem
1467 2927 1621 3002 detestor,

170 3031 236 3109 qui,
260 3050 336 3092 cum
360 3051 467 3112 neque
491 3033 649 3094 mediocri
674 3033 837 3096 literatura
853 3035 993 3114 praediti
1016 3036 1086 3109 sint,
1110 3035 1235 3097 inscitia
1258 3034 1431 3095 temeritati
1449 3031 1622 3093 coniuncta

167 3134 326 3215 ingeniosi
350 3136 381 3197 in
404 3156 505 3215 opere
528 3136 634 3198 alieno
659 3138 760 3199 videri
783 3138 904 3200 volunt.
935 3138 990 3199 Ab
1013 3139 1149 3201 eruditis
1172 3139 1256 3199 enim
1281 3137 1355 3199 viris
1379 3136 1548 3215 pulchrius
1572 3143 1661 3195 estu

169 3246 266 3307 (teste
296 3238 436 3320 Seneca)
467 3242 551 3303 iuste
583 3243 778 3321 reprehendi
807 3263 905 3323 quam
936 3243 978 3303 ab
1007 3243 1165 3322 imperitis
1193 3253 1225 3303 et
1248 3241 1387 3323 indignis
1411 3240 1621 3301 vehementer

168 3340 302 3403 laudari.
343 3342 459 3425 Neque
487 3345 584 3406 etiam
616 3346 646 3407 in
677 3347 777 3407 rebus
800 3346 951 3409 humanis
975 3355 1090 3408 extare
1121 3347 1296 3426 quicquam
1320 3343 1528 3411 arbitrorsic
1551 3352 1621 3404 arte

168 3447 366 3528 ingenioque
389 3447 604 3524 elaboratum,
634 3450 757 3530 inquo
779 3469 846 3513 non
870 3450 1003 3513 Momus
1026 3450 1078 3512 ille
1102 3449 1305 3512 Graecorum
1329 3448 1449 3529 aliquid
1473 3447 1621 3519 inveniat,

169 3551 260 3630 quod
292 3550 516 3615 calumnietur.
554 3552 655 3614 Haud
687 3552 779 3615 facile
810 3565 921 3618 tamen
954 3554 1013 3617 has
1044 3564 1175 3617 nostras
1206 3553 1451 3634 qualescunque
1482 3551 1620 3630 ineptias

169 3664 418 3735 oppugnaturas
447 3653 520 3739 (sic)
553 3657 750 3720 crediderim
778 3658 975 3721 defendente
1003 3670 1035 3721 te
1058 3660 1136 3734 illas,
1167 3659 1245 3739 quin
1276 3658 1386 3738 potius
1408 3656 1660 3735 amplexurasau

168 3756 246 3836 (sic)
269 3761 445 3823 autoritate
468 3762 547 3824 tanti
563 3763 714 3823 antistitis
730 3764 943 3842 approbante.
969 3762 1060 3842 Quas
1083 3773 1118 3825 tu
1143 3763 1230 3840 (licet
1253 3764 1314 3824 sint
1338 3761 1448 3842 pingui
1473 3760 1619 3821 lllinerva

169 3861 325 3942 scriptae)
348 3872 384 3925 ut
407 3863 538 3943 placido
562 3876 593 3928 et
617 3867 758 3947 benigno
782 3866 872 3928 vultu
896 3869 1047 3947 accipere
1063 3877 1096 3929 et
1112 3867 1189 3929 boni
1213 3865 1384 3929 consulere
1408 3884 1526 3945 meque
1543 3883 1619 3925 con-

168 3976 263 4028 sueta
286 3967 513 4030 benevolentia
537 3969 632 4031 simul
656 3979 689 4031 et
711 3969 822 4032 lavore
844 3974 999 4052 prosequi
1031 3972 1365 4051 commendatumque
1388 3970 1510 4032 habere
1533 3966 1619 4043 veliS,

167 4072 267 4133 etiam
297 4079 397 4153 atque
427 4076 525 4135 etiam
549 4094 639 4155 rogo.
678 4073 763 4136 Vale
793 4076 848 4137 diu
880 4085 912 4137 et
944 4075 1085 4152 feliciter,
1116 4076 1246 4155 praesul
1270 4074 1455 4150 clarissime,
1477 4074 1563 4136 idem
1587 4080 1620 4133 et

167 4175 392 4238 eruditissime.
416 4176 520 4239 Datae
544 4177 668 4257 oppido
692 4197 767 4240 meo
789 4177 969 4242 Kostelicio
993 4181 1034 4242 ad
1053 4179 1163 4242 Albim
1187 4179 1321 4241 fluvium
1337 4178 1440 4258 pridie
1457 4174 1660 4239 Calendasa

167 4279 245 4340 lllaii
269 4300 356 4341 anno
379 4301 398 4341 a
421 4281 517 4343 natali
541 4282 715 4344 Dominico
741 4284 832 4346 1522.

220 5438 321 5481 Sblrlra
345 5439 507 5488 prameuilv.
531 5439 713 5487 Skuplnadruhzl.
738 5434 829 5479 Clsloil.
