3674 5858
360 431 405 485 lX.
424 430 456 484 R.
475 430 516 484 St.
534 428 700 483 Gdrslremu.
723 459 756 469 -
774 428 808 482 X.
827 430 860 482 R.
878 428 908 481 P.
927 427 1183 496 Szydlowieclremu
1203 428 1277 482 1499.
1529 430 1546 481 ll

93 664 192 708 cessu
214 644 246 706 in
269 643 509 724 posterioribus
533 641 641 719 literis,
663 660 747 723 quas
769 640 811 704 ad
834 648 868 702 te
891 639 1027 716 mittam,
1049 648 1082 702 te
1105 640 1279 703 certiorem
1303 638 1450 704 reddam.
1483 639 1547 703 Hic

92 748 204 812 nullae
229 748 391 811 novitates
416 755 500 822 sunt,
531 765 617 828 quae
641 745 777 828 cognitu
804 743 922 826 dignae
944 743 1016 820 sint,
1039 751 1096 805 aut
1122 762 1208 823 quae
1228 751 1261 805 te
1285 742 1451 805 delectare
1473 761 1549 824 pos-

94 862 178 916 sent.
217 851 309 915 Vale.

796 1039 850 1100 lX.

479 1178 626 1253 Racek
654 1176 894 1252 Stanislavu
924 1173 1172 1250 Gdrske‘mu.

184 1352 222 1422 (v
240 1332 326 1407 lilim&
345 1351 434 1406 ttae
455 1380 486 1390 -
505 1364 523 1405 ν
542 1347 657 1418 throp.)
685 1347 748 1418 Aby
772 1347 874 1402 nedivil
897 1364 937 1412 se,
964 1345 997 1401 ie
1019 1363 1068 1400 mu
1090 1347 1126 1399 od
1148 1345 1215 1413 jeho
1234 1347 1363 1401 odchodu
1388 1347 1550 1401 zBononie

95 1439 208 1508 nepsal;
226 1438 328 1493 zabrtn
347 1436 394 1508 byl
411 1437 461 1508 pry
480 1435 647 1506 pilpmvami
665 1452 703 1489 na
719 1442 798 1490 cestu
812 1437 847 1489 do
860 1422 950 1499 lllma,
969 1434 1067 1489 hterou
1080 1434 1147 1503 brzy
1159 1450 1196 1501 po
1208 1434 1338 1488 odchodu
1356 1434 1550 1489 Stanislavove

94 1525 220 1593 podnilrl.
249 1523 361 1592 Slibuje,
380 1524 413 1578 ie
431 1523 503 1577 bude
522 1522 595 1592 pstti
613 1520 720 1590 testeji.
750 1522 833 1592 (List.
852 1521 910 1576 titt.
928 1521 980 1575 dis.
998 1520 1072 1591 XX.)

185 1719 369 1783 Rodericus
401 1718 578 1781 Dubravus
609 1716 773 1782 Stanislao
805 1713 967 1779 Goreczki
976 1712 999 1797 ¹)
1023 1736 1047 1778 s.
1071 1714 1102 1778 d.
1136 1714 1216 1778 Mihi
1240 1715 1378 1779 dubium
1405 1727 1553 1793 nonest,

96 1826 146 1887 vir
170 1824 411 1901 humanissime,
440 1821 533 1905 quod
556 1831 589 1884 te
612 1840 730 1904 magna
759 1829 848 1883 tenet
878 1819 1059 1894 admiratio,
1090 1839 1143 1882 me
1172 1820 1289 1901 nullas,
1319 1841 1363 1883 ex
1386 1838 1454 1903 quo
1478 1822 1551 1884 hinc
1577 1858 1592 1900 ὅ

99 1929 288 2004 discessisti,
310 1927 353 1990 ad
376 1935 410 1989 te
429 1927 561 1990 dedisse
585 1926 703 1988 literas.
726 1922 761 1988 Si
784 1923 950 2006 intelliges,
973 1943 1038 2004 qua
1053 1943 1153 1987 causa
1176 1925 1209 1988 id
1225 1923 1422 2001 admiserim,
1446 1926 1555 1988 mirari

99 2033 240 2096 desines.
276 2030 377 2094 Eram
401 2030 599 2112 quibusdam
622 2029 760 2111 negotiis
790 2028 974 2109 impeditus,
1004 2028 1038 2091 id
1061 2027 1152 2110 quod
1176 2018 1260 2092 solet
1283 2030 1473 2111 contingere
1496 2029 1554 2097 his,

101 2138 158 2219 qui
181 2157 219 2199 se
241 2136 305 2199 alio
320 2137 362 2198 ad
387 2135 602 2198 habitandum
625 2132 774 2198 conferre
797 2132 920 2197 volunt.
944 2130 1031 2195 Nam
1054 2152 1121 2195 non
1143 2132 1248 2195 multo
1271 2142 1348 2213 post
1371 2134 1553 2197 discessum

98 2250 195 2304 tuum
226 2240 367 2302 Romam
397 2260 471 2302 sum
503 2237 681 2319 proiectus.
715 2236 929 2317 Quapropter
957 2245 990 2299 te
1013 2257 1074 2299 oro
1105 2245 1137 2299 et
1159 2237 1310 2314 obsecro,
1340 2246 1376 2299 ut
1408 2238 1433 2299 si
1461 2257 1554 2300 meae

98 2345 309 2425 promissioni
333 2362 400 2406 non
422 2342 571 2419 satisfeci,
603 2342 679 2404 mihi
702 2339 879 2422 indulgeas.
914 2340 1137 2420 lmposterum
1161 2340 1203 2402 ad
1224 2348 1258 2402 te
1290 2341 1421 2420 saepius
1446 2341 1554 2404 literas
1570 2363 1594 2404 ro

100 2447 314 2529 perferendas
337 2448 472 2512 curabo.
496 2443 618 2528 Vale.²)

812 2651 852 2713 X.

463 2790 610 2865 Racek
638 2787 773 2863 Pavlu
802 2786 1207 2887 Szydlowieckemu.

189 2964 228 3034 (v
248 2943 332 3019 lilim}
357 2963 446 3018 ¹⁴09
477 2993 503 3000 -
530 2963 680 3031 vllslop.)
711 2959 807 3014 chvtlt
828 2958 896 3029 jeho
917 2963 1103 3015 viestmnnou
1124 2962 1281 3030 vitednost,
1308 2978 1358 3029 pro
1382 2961 1479 3016 kterou
1506 2964 1556 3033 pry

102 3050 193 3104 enlm
213 3049 289 3104 vesel
307 3069 325 3103 v
343 3048 495 3118 plitelstvl
514 3049 523 3101 i
541 3047 639 3116 dekuje
658 3065 705 3101 mu
723 3065 756 3102 za
765 3046 845 3115 jakds
857 3045 1011 3101 dobrodinl.
1031 3048 1168 3101 Omlouva
1181 3066 1220 3111 se,
1238 3048 1271 3102 ie
1284 3049 1435 3117 odchirzeje
1449 3050 1556 3119 nalrvap

102 3140 138 3192 do
158 3125 239 3191 lilma
257 3136 371 3206 neplijal
389 3138 425 3190 od
445 3137 518 3190 ndho
536 3136 582 3189 list
601 3135 616 3187 lr
632 3135 760 3205 jahemus
778 3133 956 3188 Antoninovi.
993 3121 1116 3188 Vlilme
1141 3151 1171 3186 se
1197 3151 1243 3187 mu
1266 3138 1315 3205 pr)l
1334 3135 1391 3198 llbl,
1416 3135 1424 3188 i
1449 3138 1557 3206 vyzyvi

103 3224 197 3288 Pavla,
214 3223 268 3295 aby
286 3241 317 3277 se
335 3230 391 3277 tam
410 3222 474 3275 take
492 3221 582 3291 vydal.
602 3221 684 3291 (List.
704 3223 760 3274 liat
779 3221 829 3274 dis.
848 3221 907 3290 IV.)

191 3417 375 3482 Rodericus
399 3416 576 3480 Dubravus
602 3415 644 3478 ad
669 3414 884 3479 clarissimum
915 3416 1020 3479 virum
1045 3415 1182 3480 Paulum
1204 3415 1435 3481 Ssidlovicium
1460 3418 1556 3483 Polo·

101 3520 216 3606 numl)
246 3543 271 3586 s.
295 3541 326 3601 p¹
349 3521 380 3585 d.
415 3520 537 3602 Magna
568 3539 620 3582 res
651 3528 710 3595 est,
739 3520 787 3581 vir
817 3521 1105 3599 praestantissime,
1138 3541 1360 3605 magnumque
1391 3522 1556 3586 vinculum

103 3629 269 3691 humanae
291 3626 457 3689 societatis
474 3643 603 3686 morum
619 3644 658 3686 ac
674 3633 810 3686 naturae
833 3625 1028 3701 similitudo;
1051 3625 1132 3689 haec
1156 3647 1208 3689 res
1231 3628 1437 3707 potissimum
1461 3626 1558 3690 elficit

105 3733 173 3810 (sic,
197 3731 240 3793 cti
262 3729 392 3811 effecit),
413 3739 450 3792 ut
472 3748 571 3791 nemo
594 3738 690 3805 esset,
717 3727 772 3809 qui
795 3747 848 3789 me
871 3727 961 3807 apud
984 3738 1017 3790 te
1040 3729 1250 3792 antecederet
1272 3731 1303 3791 in
1326 3731 1477 3794 amicitia.
1513 3730 1559 3794 Es
1576 3766 1599 3807 ,ὃ

105 3838 193 3899 enim
223 3844 315 3898 tanta
345 3833 547 3896 humanitate
576 3841 677 3913 atque
700 3831 797 3893 animi
829 3833 1027 3911 praestantia
1057 3842 1201 3910 omatus,
1232 3843 1267 3895 ut
1290 3834 1316 3897 is
1339 3834 1417 3897 mihi
1440 3854 1506 3897 non
1529 3836 1559 3897 in

105 3959 245 4004 numero
268 3958 308 4001 ac
330 3945 429 4000 coetu
460 3937 630 3999 hominum
662 3934 873 4015 reponendus
896 3955 969 3997 esse
998 3936 1156 4013 videatur,
1187 3939 1242 4018 qui
1265 3947 1356 4000 tuam
1387 3939 1559 4002 amicitiam

106 4063 174 4108 non
197 4042 420 4123 expetendam
443 4060 515 4102 esse
538 4040 646 4102 ducat.
681 4038 759 4102 Non
781 4048 815 4101 te
838 4041 1000 4119 praeterit,
1023 4051 1182 4120 quantum
1206 4042 1238 4104 in
1261 4061 1314 4104 me
1337 4043 1435 4105 studii
1458 4041 1562 4119 luerit,

106 4158 144 4212 ut
167 4167 220 4210 me
237 4145 280 4209 ad
300 4155 392 4209 tuam
415 4144 591 4206 amicitiam
614 4142 842 4224 adiungerem;
865 4143 914 4206 vel
938 4143 1018 4206 illud
1042 4144 1161 4207 indicio
1176 4154 1235 4219 est,
1258 4145 1442 4227 quodcum
1465 4147 1562 4224 diem,

106 4274 176 4335 quo
198 4262 232 4314 te
254 4269 320 4314 non
342 4248 533 4325 visitassem,
555 4247 716 4310 infelicem
739 4266 837 4330 agere
858 4248 1050 4310 arbitrabar.
1086 4247 1195 4311 Nemo
1218 4261 1288 4312 erat
1311 4252 1467 4327 omnium,
1491 4251 1561 4332 qui·
1574 4285 1602 4327 ω

105 4377 185 4422 curn
208 4354 319 4436 potius
342 4373 441 4434 quam
465 4372 541 4414 cum
564 4360 622 4413 tua
644 4354 842 4431 praestantia
865 4351 1040 4414 amicitiam
1068 4352 1330 4415 constituendam
1353 4374 1426 4417 esse
1449 4356 1561 4418 existi·

106 4460 203 4524 mavi.
236 4457 358 4520 Multas
385 4476 462 4538 erga
493 4476 546 4518 me
577 4455 812 4518 beneficiorum
842 4456 1007 4535 impensas
1036 4457 1137 4538 egisti,
1168 4477 1251 4539 quas
1278 4458 1445 4538 explicare
1475 4479 1562 4522 nunc

106 4657 215 4728 cestuje
234 4659 269 4713 do
288 4650 370 4714 Rima
385 4659 423 4729 jel
442 4663 505 4729 pies
524 4659 651 4728 Benatky
668 4676 686 4713 a
703 4659 788 4712 odtud
813 4658 964 4714 Kriitolovi
989 4661 1056 4729 psal,
1081 4661 1148 4714 toho
1171 4662 1280 4730 podiva
1298 4663 1363 4716 nim
1383 4663 1444 4718 dille
1463 4664 1561 4717 dollarl

103 4746 192 4813 jedno
211 4745 296 4799 misto
314 4747 379 4801 listu
398 4746 470 4800 XIII.
489 4746 606 4812 (naseho
625 4744 748 4814 vydinl),
770 4745 863 4799 kterei
889 4750 985 4800 oviem
1005 4747 1212 4815 konjelrturalne
1233 4748 1306 4817 jsme
1326 4750 1418 4804 musili
1436 4750 1562 4819 upraviti.

107 4835 201 4902 vyraz
218 4833 309 4903 appuli
329 4835 380 4888 nas
399 4833 508 4887 nemusl
527 4833 619 4896 misti,
637 4832 780 4902 ponevadi
799 4834 957 4887 znamenati
977 4834 1057 4888 mure
1077 4835 1140 4888 take
1159 4835 1226 4888 tolik
1245 4853 1279 4890 co
1298 4837 1371 4891 veni.

200 4922 219 4987 ¹)
238 4920 374 4990 Mysllme,
393 4921 426 4975 ie
446 4921 497 4974 zde
516 4920 611 4974 minen
630 4920 669 4973 St
683 4919 793 4983 Gdrslri‚
812 4919 935 4988 pozdejsl
951 4920 1089 4974 lanovnlk
1102 4922 1265 4993 lirakovslry
1276 4941 1293 4977 a
1305 4924 1434 4993 slovutnjl
1447 4924 1563 4979 historilr

107 5007 219 5076 polslry,
233 5006 317 5076 jehoi
334 5007 499 5078 plidinenlm
518 5009 644 5076 povstala
661 5013 681 5061 t.
700 5023 742 5061 zv.
761 5007 833 5060 Acta
850 5006 1025 5072 Tomiciana,
1043 5009 1187 5076 ponevadi
1206 5026 1223 5062 o
1242 5014 1306 5064 nem
1324 5011 1433 5073 znimo,
1453 5011 1485 5064 ie
1498 5013 1564 5065 take

109 5113 126 5149 v
146 5094 267 5148 Bononii
286 5095 423 5149 studoval.

198 5180 220 5250 ¹)
239 5180 361 5236 Vrocenl
379 5180 443 5234 lietu
461 5180 581 5249 vyplyvi
600 5196 632 5233 ze
650 5180 753 5250 aprivy
772 5197 789 5232 ο
808 5179 934 5233 nedavne
954 5184 1029 5234 ceste
1053 5182 1089 5235 do
1108 5169 1197 5244 Rima,
1222 5182 1318 5236 hterou
1338 5183 1450 5252 podnikl
1469 5186 1564 5240 Racek

107 5268 203 5337 ndlrdy
223 5285 240 5321 v
257 5267 311 5322 list.
331 5284 351 5320 r.
372 5267 447 5330 1492,
464 5267 509 5335 jah
529 5266 593 5337 listy
612 5266 775 5335 nasledujlcl
794 5267 898 5320 evertet.

199 5354 350 5424 ³)Nejspts
368 5355 503 5424 pilbuzny'
523 5353 683 5422 pozddjllho
703 5354 859 5407 horunnlho
877 5354 1005 5408 laucleie
1024 5354 1157 5422 polslreho
1176 5355 1298 5410 Kriltola
1312 5357 1564 5426 Szydlowiecheho.
