3674 5858
527 416 633 471 Vficlav
652 416 771 486 Plaeclry
790 419 825 471 M.
845 416 993 472 Micbalovi
1012 435 1044 472 ze
1064 418 1159 473 Strale
1179 420 1253 474 1511.
1579 426 1614 479 69

189 638 393 711 occupaverat,
424 638 460 692 ut
484 629 575 691 oneri
598 637 690 692 tanto
714 628 824 691 Italica
847 638 933 692 tecta
956 630 1196 709 succubuerint,
1220 632 1341 695 nedum
1364 634 1507 711 arbores,
1531 656 1613 718 quas

189 737 291 820 passim,
312 735 338 797 si
362 753 449 815 quae
472 743 564 796 erant
587 732 704 796 lronde
728 732 889 810 densiore,
913 744 969 796 aut
994 734 1147 798 radicitus
1175 736 1247 800 solo
1271 735 1420 819 evertit,¹)
1446 749 1502 802 aut
1525 751 1612 803 certe

189 841 304 905 maxima
326 858 496 902 ramorum
518 847 612 917 parte
635 836 802 899 mutilavit.
828 837 945 917 Neque
969 846 1004 899 tu
1028 849 1123 918 putes
1146 840 1188 903 ab
1211 839 1264 903 illa
1287 842 1374 918 sede,
1397 863 1495 923 quam
1511 845 1612 907 semel

188 953 386 1025 occupaverat,
409 963 491 1006 mox
513 962 588 1004 eam
612 940 810 1005 diffluxisse:
834 961 938 1005 unum
962 961 1108 1006 mensem
1131 954 1164 1006 et
1187 965 1227 1007 eo
1250 946 1390 1024 amplius
1412 945 1498 1008 illam
1521 958 1613 1010 tenu·

188 1059 240 1120 erat
256 1058 286 1111 et
306 1048 441 1129 quidem
465 1047 736 1123 constantissime,
761 1057 796 1109 ut
819 1046 947 1109 diceres
970 1046 1165 1110 Lacratidae
1188 1048 1272 1112 illius
1295 1050 1505 1114 Atheniensis
1528 1060 1610 1114 tem·
1637 1066 1650 1108 5

188 1174 248 1235 pora
274 1152 431 1214 floruisse.
477 1150 543 1215 Ubi
574 1170 653 1213 vero
684 1151 855 1214 interiecto
886 1151 1043 1230 temporis
1077 1152 1183 1231 spatio
1213 1173 1291 1216 aura
1327 1155 1425 1234 paulo
1462 1155 1612 1218 blandior

188 1259 285 1338 spirare
313 1257 451 1335 occepit,
482 1255 639 1336 nivesque
661 1256 694 1316 in
716 1274 837 1335 aquarn
860 1254 1080 1332 solvebantur,
1102 1276 1180 1318 ecce
1200 1258 1257 1320 tibi
1281 1258 1368 1320 aliud
1396 1258 1534 1322 malum:
1558 1261 1612 1323 vix

188 1381 290 1443 nanque
311 1380 398 1423 unus
421 1370 478 1423 aut
501 1360 583 1423 alter
605 1358 745 1442 angulus
769 1369 840 1422 erat
863 1357 1030 1423 Bononiae
1061 1361 1103 1422 ab
1127 1380 1287 1441 aquarum
1317 1364 1429 1425 iniuria
1453 1364 1613 1439 immunis,

188 1468 231 1529 sed
249 1465 352 1526 omnia
376 1465 510 1527 omnino
533 1472 621 1526 tecta
644 1463 861 1543 perfluebant,
885 1465 1040 1542 porticus,
1062 1466 1252 1543 testudines,
1274 1467 1405 1547 templa,
1428 1469 1498 1547 ipsa
1514 1469 1611 1531 etiam

188 1571 301 1633 Romani
324 1568 489 1650 pontificis
513 1569 714 1649 penitissima
737 1566 931 1644 habitacula,
961 1577 1118 1650 tantaque
1141 1589 1182 1633 eo
1205 1590 1291 1632 anno
1315 1591 1474 1652 aquarum
1497 1573 1611 1635 intem·
1627 1587 1652 1627 1⁰

187 1676 271 1754 peries
293 1675 448 1758 viguerat,
478 1684 514 1737 ut
543 1672 623 1735 illud
647 1671 906 1736 Deucalioneum
938 1673 1108 1737 saeculum
1137 1673 1321 1737 adsimilare
1351 1676 1525 1738 videretur.
1563 1676 1613 1739 Eo

188 1778 253 1841 malo
273 1798 338 1841 non
361 1778 522 1842 satisdum
545 1779 588 1841 ab
612 1777 784 1841 hominum
807 1777 967 1840 memoria
990 1779 1112 1841 reiecto
1128 1780 1314 1858 supervenit
1330 1779 1485 1841 nuncium
1502 1779 1614 1843 Gallos

189 1881 280 1946 inlesto
302 1884 407 1966 gradu
431 1883 608 1964 animoque
631 1881 742 1946 hostili
766 1882 948 1945 Bononiam
972 1893 1093 1963 petere.
1118 1881 1218 1962 Quod
1242 1884 1375 1965 quidem
1397 1893 1501 1947 totam
1519 1885 1613 1964 plane

188 1987 325 2050 civitatem
349 2007 417 2050 non
439 2006 555 2067 parum
580 1987 857 2068 perterrefecerat.
883 1986 959 2066 lpse
981 1998 1071 2050 certe
1093 2007 1242 2050 summus
1265 1987 1413 2068 pontifex
1436 1990 1504 2052 sive
1525 1998 1612 2052 metu

188 2091 236 2154 sive
253 2092 383 2174 negotio
408 2093 565 2172 quopiam
588 2091 754 2154 adductus
786 2090 973 2153 Ravennam
1000 2100 1129 2171 praeter
1153 2093 1300 2155 omnium
1323 2093 1511 2173 opinionem
1534 2105 1653 2156 con-1⁵

188 2207 312 2259 cesserat.
352 2193 453 2259 Cuius
476 2198 623 2259 absentia
645 2199 748 2278 magis
779 2215 818 2257 ac
842 2195 945 2277 magis
967 2195 1119 2257 timorem
1143 2194 1404 2259 Bononiensibus
1427 2199 1614 2291 incutiebat,

188 2303 371 2384 augebatque
395 2301 485 2364 illum
509 2302 607 2363 etiam
630 2298 706 2383 luga
728 2300 915 2382 agrestium,
945 2299 1008 2379 qui,
1032 2299 1111 2362 dum
1134 2301 1253 2380 trepidi
1283 2301 1379 2363 simul
1409 2322 1489 2365 suae
1517 2303 1614 2365 simul

188 2405 413 2487 supellectilium
444 2405 540 2467 saluti
562 2405 772 2468 consulentes
803 2423 879 2466 cum
911 2404 1065 2466 omnibus
1094 2423 1167 2467 sese
1194 2405 1277 2468 intra
1299 2407 1390 2469 urbis
1414 2407 1543 2469 moenia
1567 2426 1615 2468 re-

188 2511 293 2590 cipiunt,
316 2509 535 2574 miserabilem
559 2509 726 2590 quandam
750 2509 894 2589 speciem
917 2507 1154 2589 praeferebant,
1177 2509 1314 2573 horrido
1338 2510 1501 2589 capillitio,
1524 2521 1615 2573 veste

188 2615 318 2697 neglecta,
342 2614 484 2696 pedibus
507 2633 613 2676 coeno
636 2614 818 2696 inquinatis,
841 2612 1017 2675 luminibus
1047 2612 1120 2675 solo
1152 2613 1278 2677 defixis.
1319 2613 1526 2678 Audiebatur
1549 2627 1655 2677 nonio

188 2718 311 2797 ploratus
341 2720 445 2782 modo
477 2716 645 2781 infantium
678 2718 736 2781 sed
768 2717 907 2781 eiulatus
931 2716 1105 2780 mulierum
1137 2727 1169 2779 et
1198 2720 1338 2800 gemitus
1361 2738 1485 2794 senum,
1514 2739 1616 2801 seque

189 2841 321 2907 suamque
344 2825 510 2886 fortunam
534 2823 761 2886 miserabiliter
784 2822 1044 2903 dequerentium.
1068 2819 1162 2901 Quae
1179 2818 1253 2906 (sic)
1276 2823 1356 2884 dum
1379 2832 1483 2885 totam
1505 2821 1615 2886 Bono-

189 2928 253 2990 niam
267 2938 493 3010 pervagantur,
509 2926 602 2988 facile
618 2925 733 2988 odium
749 2926 870 2988 civitati
884 2925 1044 2988 adversus
1061 2925 1248 3004 pontificem
1264 2937 1472 3007 pepererunt,
1494 2926 1616 2990 scilicet

189 3042 332 3112 tantopere
365 3031 449 3094 bella
480 3030 707 3094 adfectantem.
754 3029 921 3112 Vigesima
948 3030 1045 3111 igitur
1075 3049 1113 3092 ac
1136 3031 1231 3092 tertia
1254 3030 1307 3093 die
1331 3031 1409 3092 Maii
1432 3032 1495 3094 iam
1518 3041 1616 3094 nocte

190 3133 293 3198 ineunte
315 3135 451 3218 quidam
474 3135 561 3197 cives
584 3155 628 3197 ex
651 3134 789 3197 [actione
817 3132 1064 3197 Bentivolorum
1090 3133 1133 3195 ad
1158 3133 1341 3196 libertatem
1365 3144 1398 3197 et
1422 3154 1513 3197 arma
1536 3147 1657 3197 con-²5

192 3235 353 3316 clamarunt,
376 3258 537 3319 campana
560 3239 692 3318 publica
715 3240 803 3301 cives
823 3239 1077 3301 convocitantes
1101 3237 1278 3301 Occasioni
1295 3247 1373 3314 erat,
1396 3239 1489 3320 quasi
1504 3258 1616 3301 arcere

192 3341 306 3407 debeant
329 3344 432 3407 muris
454 3344 622 3406 tribunum
646 3342 812 3424 quendam
833 3342 1007 3419 Pontificis,
1038 3345 1092 3423 qui
1116 3344 1301 3422 irrupturus
1324 3343 1356 3404 in
1379 3343 1495 3405 urbem
1518 3343 1616 3425 vulgo

194 3442 339 3527 serebatur,
362 3449 582 3529 nequicquam
607 3447 860 3510 reclamantibus
884 3447 1017 3524 civibus,
1041 3467 1107 3529 quo
1131 3447 1231 3509 tutior
1254 3448 1334 3510 urbs
1358 3446 1551 3510 redderetur
1574 3449 1615 3509 ab

193 3549 317 3616 intestino
339 3553 492 3617 tumultu.
516 3553 671 3634 Dumque
695 3552 737 3615 illi
760 3550 966 3628 adsimulant,
989 3552 1070 3614 dum
1094 3560 1198 3614 totam
1222 3550 1353 3631 plebem
1376 3552 1408 3612 in
1423 3571 1514 3615 arma
1537 3570 1616 3614 con·

194 3653 274 3735 citant,
295 3667 393 3721 nocte
410 3658 604 3737 intempesta
620 3655 779 3720 Bentivoli
793 3657 835 3719 ad
852 3677 924 3720 eam
941 3664 1080 3736 portam,
1103 3676 1202 3738 quam
1218 3657 1260 3718 illi
1274 3657 1372 3718 tutari
1387 3655 1470 3718 velle
1486 3676 1615 3719 caussa·
1628 3668 1655 3710 ³0

194 3756 293 3841 bantur,
315 3764 403 3826 iusto
426 3782 485 3826 eos
508 3763 685 3826 comitante
708 3761 854 3824 exercitu
877 3760 1023 3837 aderant,
1051 3780 1135 3842 quos
1158 3759 1201 3822 illi
1225 3759 1370 3823 refractis
1393 3760 1423 3822 vi
1446 3770 1616 3841 portarum

193 3860 314 3931 claustris
337 3869 420 3930 intra
443 3868 573 3932 moenia
596 3867 755 3945 recipiunt
773 3886 890 3946 magna
906 3865 1011 3945 plebis
1026 3865 1271 3928 acclamatione.
1295 3866 1425 3928 lnterim
1446 3865 1617 3928 cardinalis

193 3964 340 4050 Papiensis,
363 3972 531 4035 Bononiae
554 3971 697 4052 legatum
720 3989 829 4051 agens,
860 3969 1041 4032 elusissima
1072 3969 1148 4051 suga
1178 3970 1261 4032 urbe
1291 3989 1363 4032 sese
1395 3970 1533 4050 proripit
1555 3969 1617 4031 Ra·

192 4089 370 4158 vennamque
401 4077 529 4140 divertit
559 4074 748 4155 pontificem
783 4094 986 4137 accessurus.
1033 4072 1161 4136 Aderat
1192 4074 1275 4136 forte
1304 4083 1375 4137 tum
1407 4074 1581 4137 Ravennae
1591 4070 1617 4155 ²)

191 4181 310 4252 pontifici
333 4181 404 4243 dux
428 4179 579 4255 Urbinas,
602 4181 658 4261 qui
682 4180 736 4241 vix
760 4199 825 4242 uno
848 4178 1009 4260 temporis
1032 4187 1201 4240 momento
1225 4177 1343 4240 eadem
1366 4177 1441 4261 luga
1457 4197 1534 4240 cum
1549 4177 1617 4240 suis
1630 4188 1657 4231 ³5

190 4285 271 4363 copiis
291 4284 431 4349 salutem
455 4303 616 4366 quaerens
639 4283 837 4345 cardinalem
855 4293 1085 4363 praeverterat,
1107 4283 1238 4364 iamque
1254 4301 1406 4364 egressus
1429 4281 1618 4362 apontifice

187 4388 363 4452 cardinalem
387 4389 505 4452 obvios
527 4389 588 4450 sibi
611 4389 767 4451 ferentem
792 4408 924 4470 gressus
947 4388 1099 4450 habebat.
1129 4385 1237 4467 Quem
1261 4386 1312 4449 ille
1335 4387 1487 4450 conviciis
1510 4386 1617 4465 primo

184 4490 329 4557 lacessens
352 4493 466 4556 stricto
490 4513 572 4556 mox
594 4493 704 4574 gladio
728 4494 870 4572 petebat,
893 4512 1027 4573 unoque
1050 4493 1116 4554 ictu
1139 4500 1276 4573 pectore
1292 4491 1462 4566 transfixo,
1485 4489 1618 4552 duobus

180 4597 285 4661 deinde
308 4599 406 4678 capiti
429 4597 558 4660 inflictis
581 4617 706 4678 poenas
729 4617 773 4659 ex
796 4618 836 4659 eo
860 4599 1001 4677 sumpsit
1023 4615 1089 4659 non
1113 4596 1191 4657 satis
1214 4596 1297 4657 bene
1312 4593 1556 4657 administratae
1573 4594 1618 4656 rei

174 4702 229 4766 sibi
250 4704 453 4765 commissae.
499 4701 598 4765 Hunc
621 4703 748 4764 exitum
779 4702 862 4763 vitae
885 4702 999 4763 habuit
1022 4699 1194 4762 cardinalis
1221 4699 1274 4761 ille
1306 4698 1451 4778 pontifici
1472 4698 1659 4778 inprimisro

171 4808 313 4872 dilectus.
336 4805 493 4872 Ceterum
518 4805 694 4869 Bentivolis
719 4806 865 4868 Bononia
890 4805 963 4884 (sic)
988 4805 1140 4867 immissis
1171 4805 1305 4866 suberat
1334 4804 1440 4879 timor,
1471 4820 1511 4863 ne
1535 4802 1618 4865 lorte

169 4912 217 4976 vel
242 4912 321 4975 urbs
345 4921 417 4974 tota
439 4910 490 4972 vel
513 4910 641 4991 aliquae
665 4908 786 4972 domus
809 4911 839 4972 in
864 4909 1082 4990 direptionem
1107 4909 1226 4971 dentur
1250 4906 1330 4989 (sic),
1354 4928 1392 4969 ea
1414 4916 1523 4968 tamen
1547 4926 1617 4969 mo·

165 5018 281 5089 destia,
313 5015 346 5077 id
379 5013 470 5097 quod
505 5024 694 5094 speraverat
729 5033 836 5088 nemo,
870 5034 920 5075 res
946 5024 995 5076 est
1025 5012 1182 5089 conlecta,
1219 5021 1254 5073 ut
1288 5033 1306 5072 a
1341 5010 1464 5091 praeda
1494 5009 1618 5073 nedum

258 5241 278 5306 ¹)
296 5239 365 5291 Nae:
386 5237 522 5291 everterit.

255 5345 276 5412 ¹)
294 5343 362 5397 Nas:
383 5342 547 5398 Ravennati.
