<?xml version="1.0" encoding="UTF-8"?>
<!DOCTYPE html PUBLIC "-//W3C//DTD XHTML 1.0 Transitional//EN"
    "http://www.w3.org/TR/xhtml1/DTD/xhtml1-transitional.dtd">
<html xmlns="http://www.w3.org/1999/xhtml" xml:lang="en" lang="en">
 <head>
  <title>
</title>
<meta http-equiv="Content-Type" content="text/html;charset=utf-8" />
  <meta name='ocr-system' content='tesseract 3.04.00' />
  <meta name='ocr-capabilities' content='ocr_page ocr_carea ocr_par ocr_line ocrx_word'/>
</head>
<body>
  <div class='ocr_page' id='page_1' title='image "./dvalistehumanis00vegoog/dvalistehumanis00vegoog_0093.png"; bbox 0 0 3674 5858; ppageno 0'>
   <div class='ocr_carea' id='block_1_1' title="bbox 211 380 1208 464">
    <p class='ocr_par' dir='ltr' id='par_1_1' title="bbox 211 380 1208 464">
     <span class='ocr_line' id='line_1_1' title="bbox 211 380 1208 464; baseline 0.005 -19"><span class='ocrx_word' id='word_1_1' title='bbox 211 393 246 445; x_wconf 76' lang='lat' dir='ltr'>tr</span> <span class='ocrx_word' id='word_1_2' title='bbox 657 396 710 464; x_wconf 72' lang='lat' dir='ltr'>Jan</span> <span class='ocrx_word' id='word_1_3' title='bbox 728 380 841 449; x_wconf 64' lang='lat' dir='ltr'>siccin</span> <span class='ocrx_word' id='word_1_4' title='bbox 859 396 940 450; x_wconf 70' lang='lat' dir='ltr'>tnui</span> <span class='ocrx_word' id='word_1_5' title='bbox 960 396 1110 464; x_wconf 74' lang='lat' dir='ltr'>ondrejovi</span> <span class='ocrx_word' id='word_1_6' title='bbox 1134 396 1208 450; x_wconf 76' lang='lat' dir='ltr'>tnta</span> 
     </span>
    </p>
   </div>
   <div class='ocr_carea' id='block_1_2' title="bbox 167 605 1668 5278">
    <p class='ocr_par' dir='ltr' id='par_1_2' title="bbox 167 605 1668 5278">
     <span class='ocr_line' id='line_1_2' title="bbox 210 605 1667 691; baseline 0.002 -19"><span class='ocrx_word' id='word_1_7' title='bbox 210 627 327 673; x_wconf 87' lang='lat' dir='ltr'>canurn</span> <span class='ocrx_word' id='word_1_8' title='bbox 349 627 424 669; x_wconf 89' lang='lat' dir='ltr'>suas</span> <span class='ocrx_word' id='word_1_9' title='bbox 446 608 578 669; x_wconf 86' lang='lat' dir='ltr'>virtutes</span> <span class='ocrx_word' id='word_1_10' title='bbox 608 605 762 669; x_wconf 87' lang='lat' dir='ltr'>efferebat</span> <span class='ocrx_word' id='word_1_11' title='bbox 792 608 910 691; x_wconf 83' lang='lat' dir='ltr'>gratias</span> <span class='ocrx_word' id='word_1_12' title='bbox 932 626 1041 690; x_wconf 88' lang='lat' dir='ltr'>agens,</span> <span class='ocrx_word' id='word_1_13' title='bbox 1072 609 1164 689; x_wconf 91' lang='lat' dir='ltr'>quod</span> <span class='ocrx_word' id='word_1_14' title='bbox 1186 627 1252 671; x_wconf 91' lang='lat' dir='ltr'>non</span> <span class='ocrx_word' id='word_1_15' title='bbox 1275 622 1360 674; x_wconf 89' lang='lat' dir='ltr'>esset</span> <span class='ocrx_word' id='word_1_16' title='bbox 1383 613 1464 675; x_wconf 91' lang='lat' dir='ltr'>sicut</span> <span class='ocrx_word' id='word_1_17' title='bbox 1486 616 1583 676; x_wconf 90' lang='lat' dir='ltr'>ceteri</span> <span class='ocrx_word' id='word_1_18' title='bbox 1608 613 1667 675; x_wconf 79' lang='lat' dir='ltr'>ho</span> 
     </span>
     <span class='ocr_line' id='line_1_3' title="bbox 211 709 1667 800; baseline 0.003 -25"><span class='ocrx_word' id='word_1_19' title='bbox 211 715 313 775; x_wconf 91' lang='lat' dir='ltr'>mines</span> <span class='ocrx_word' id='word_1_20' title='bbox 336 722 368 775; x_wconf 91' lang='lat' dir='ltr'>et</span> <span class='ocrx_word' id='word_1_21' title='bbox 391 709 672 791; x_wconf 85' lang='lat' dir='ltr'>quemadmodum</span> <span class='ocrx_word' id='word_1_22' title='bbox 694 710 745 773; x_wconf 91' lang='lat' dir='ltr'>ille</span> <span class='ocrx_word' id='word_1_23' title='bbox 768 711 967 790; x_wconf 84' lang='lat' dir='ltr'>publicanus</span> <span class='ocrx_word' id='word_1_24' title='bbox 1005 711 1105 775; x_wconf 90' lang='lat' dir='ltr'>Paulo</span> <span class='ocrx_word' id='word_1_25' title='bbox 1128 713 1290 793; x_wconf 93' lang='lat' dir='ltr'>apostolo,</span> <span class='ocrx_word' id='word_1_26' title='bbox 1313 733 1354 777; x_wconf 90' lang='lat' dir='ltr'>ne</span> <span class='ocrx_word' id='word_1_27' title='bbox 1375 735 1450 779; x_wconf 92' lang='lat' dir='ltr'>eum</span> <span class='ocrx_word' id='word_1_28' title='bbox 1474 717 1667 800; x_wconf 85' lang='lat' dir='ltr'>magnitudo</span> 
     </span>
     <span class='ocr_line' id='line_1_4' title="bbox 210 814 1665 902; baseline 0.003 -22"><span class='ocrx_word' id='word_1_29' title='bbox 210 816 439 880; x_wconf 75' lang='lat' dir='ltr'>revelationum</span> <span class='ocrx_word' id='word_1_30' title='bbox 463 814 640 890; x_wconf 87' lang='lat' dir='ltr'>extolleret,</span> <span class='ocrx_word' id='word_1_31' title='bbox 664 814 759 877; x_wconf 91' lang='lat' dir='ltr'>datus</span> <span class='ocrx_word' id='word_1_32' title='bbox 783 815 839 878; x_wconf 88' lang='lat' dir='ltr'>fuit</span> <span class='ocrx_word' id='word_1_33' title='bbox 854 816 1002 879; x_wconf 87' lang='lat' dir='ltr'>stimulus</span> <span class='ocrx_word' id='word_1_34' title='bbox 1024 820 1137 892; x_wconf 90' lang='lat' dir='ltr'>carnis,</span> <span class='ocrx_word' id='word_1_35' title='bbox 1159 818 1294 900; x_wconf 87' lang='lat' dir='ltr'>angelus</span> <span class='ocrx_word' id='word_1_36' title='bbox 1310 817 1487 896; x_wconf 82' lang='lat' dir='ltr'>Sathanae,</span> <span class='ocrx_word' id='word_1_37' title='bbox 1510 825 1563 902; x_wconf 93' lang='lat' dir='ltr'>qui</span> <span class='ocrx_word' id='word_1_38' title='bbox 1588 842 1665 884; x_wconf 90' lang='lat' dir='ltr'>eum</span> 
     </span>
     <span class='ocr_line' id='line_1_5' title="bbox 210 918 1667 1005; baseline 0.001 -21"><span class='ocrx_word' id='word_1_39' title='bbox 210 921 432 1002; x_wconf 82' lang='lat' dir='ltr'>colaphizaret.</span> <span class='ocrx_word' id='word_1_40' title='bbox 455 918 515 981; x_wconf 93' lang='lat' dir='ltr'>Vis</span> <span class='ocrx_word' id='word_1_41' title='bbox 537 922 617 982; x_wconf 90' lang='lat' dir='ltr'>scire</span> <span class='ocrx_word' id='word_1_42' title='bbox 639 918 810 999; x_wconf 93' lang='lat' dir='ltr'>quomodo</span> <span class='ocrx_word' id='word_1_43' title='bbox 833 931 865 983; x_wconf 89' lang='lat' dir='ltr'>et</span> <span class='ocrx_word' id='word_1_44' title='bbox 881 918 1036 999; x_wconf 84' lang='lat' dir='ltr'>quando?</span> <span class='ocrx_word' id='word_1_45' title='bbox 1058 919 1175 984; x_wconf 85' lang='lat' dir='ltr'>Dicam</span> <span class='ocrx_word' id='word_1_46' title='bbox 1196 922 1264 998; x_wconf 91' lang='lat' dir='ltr'>tibi,</span> <span class='ocrx_word' id='word_1_47' title='bbox 1287 924 1376 1005; x_wconf 93' lang='lat' dir='ltr'>quod</span> <span class='ocrx_word' id='word_1_48' title='bbox 1398 936 1474 988; x_wconf 91' lang='lat' dir='ltr'>tunc</span> <span class='ocrx_word' id='word_1_49' title='bbox 1496 937 1529 988; x_wconf 91' lang='lat' dir='ltr'>et</span> <span class='ocrx_word' id='word_1_50' title='bbox 1552 929 1584 988; x_wconf 91' lang='lat' dir='ltr'>in</span> <span class='ocrx_word' id='word_1_51' title='bbox 1607 926 1667 1002; x_wconf 90' lang='lat' dir='ltr'>his,</span> 
     </span>
     <span class='ocr_line' id='line_1_6' title="bbox 182 1023 1666 1112; baseline 0.005 -28"><span class='ocrx_word' id='word_1_52' title='bbox 182 1042 313 1107; x_wconf 78' lang='lat' dir='ltr'>equum</span> <span class='ocrx_word' id='word_1_53' title='bbox 343 1025 400 1088; x_wconf 86' lang='lat' dir='ltr'>fuit</span> <span class='ocrx_word' id='word_1_54' title='bbox 424 1025 455 1086; x_wconf 94' lang='lat' dir='ltr'>in</span> <span class='ocrx_word' id='word_1_55' title='bbox 478 1023 659 1087; x_wconf 88' lang='lat' dir='ltr'>carceribus</span> <span class='ocrx_word' id='word_1_56' title='bbox 689 1036 721 1087; x_wconf 92' lang='lat' dir='ltr'>et</span> <span class='ocrx_word' id='word_1_57' title='bbox 743 1026 775 1086; x_wconf 91' lang='lat' dir='ltr'>in</span> <span class='ocrx_word' id='word_1_58' title='bbox 798 1023 901 1107; x_wconf 89' lang='lat' dir='ltr'>plagis</span> <span class='ocrx_word' id='word_1_59' title='bbox 924 1043 1022 1103; x_wconf 90' lang='lat' dir='ltr'>supra</span> <span class='ocrx_word' id='word_1_60' title='bbox 1044 1024 1189 1100; x_wconf 90' lang='lat' dir='ltr'>modum,</span> <span class='ocrx_word' id='word_1_61' title='bbox 1221 1028 1254 1087; x_wconf 91' lang='lat' dir='ltr'>in</span> <span class='ocrx_word' id='word_1_62' title='bbox 1276 1029 1444 1103; x_wconf 92' lang='lat' dir='ltr'>mortibus,</span> <span class='ocrx_word' id='word_1_63' title='bbox 1469 1031 1501 1090; x_wconf 92' lang='lat' dir='ltr'>in</span> <span class='ocrx_word' id='word_1_64' title='bbox 1524 1029 1666 1112; x_wconf 88' lang='lat' dir='ltr'>flagella-</span> 
     </span>
     <span class='ocr_line' id='line_1_7' title="bbox 211 1129 1668 1213; baseline 0 -17"><span class='ocrx_word' id='word_1_65' title='bbox 211 1133 354 1196; x_wconf 82' lang='lat' dir='ltr'>tionibus</span> <span class='ocrx_word' id='word_1_66' title='bbox 387 1129 596 1213; x_wconf 90' lang='lat' dir='ltr'>Judaeorum,</span> <span class='ocrx_word' id='word_1_67' title='bbox 628 1138 660 1190; x_wconf 91' lang='lat' dir='ltr'>et</span> <span class='ocrx_word' id='word_1_68' title='bbox 694 1129 749 1191; x_wconf 93' lang='lat' dir='ltr'>ubi</span> <span class='ocrx_word' id='word_1_69' title='bbox 771 1138 819 1191; x_wconf 90' lang='lat' dir='ltr'>ter</span> <span class='ocrx_word' id='word_1_70' title='bbox 845 1130 941 1213; x_wconf 87' lang='lat' dir='ltr'>virgis</span> <span class='ocrx_word' id='word_1_71' title='bbox 970 1147 1085 1193; x_wconf 91' lang='lat' dir='ltr'>caesus</span> <span class='ocrx_word' id='word_1_72' title='bbox 1108 1130 1174 1205; x_wconf 88' lang='lat' dir='ltr'>luit,</span> <span class='ocrx_word' id='word_1_73' title='bbox 1203 1131 1303 1193; x_wconf 92' lang='lat' dir='ltr'>semel</span> <span class='ocrx_word' id='word_1_74' title='bbox 1327 1131 1494 1212; x_wconf 89' lang='lat' dir='ltr'>lapidatus,</span> <span class='ocrx_word' id='word_1_75' title='bbox 1517 1145 1565 1196; x_wconf 92' lang='lat' dir='ltr'>ter</span> <span class='ocrx_word' id='word_1_76' title='bbox 1588 1152 1668 1196; x_wconf 91' lang='lat' dir='ltr'>nau·</span> 
     </span>
     <span class='ocr_line' id='line_1_8' title="bbox 211 1232 1666 1320; baseline 0.001 -21"><span class='ocrx_word' id='word_1_77' title='bbox 211 1238 325 1319; x_wconf 78' lang='lat' dir='ltr'>fragiis,</span> <span class='ocrx_word' id='word_1_78' title='bbox 347 1246 441 1298; x_wconf 88' lang='lat' dir='ltr'>nocte</span> <span class='ocrx_word' id='word_1_79' title='bbox 463 1246 496 1296; x_wconf 92' lang='lat' dir='ltr'>et</span> <span class='ocrx_word' id='word_1_80' title='bbox 518 1232 570 1295; x_wconf 90' lang='lat' dir='ltr'>die</span> <span class='ocrx_word' id='word_1_81' title='bbox 593 1235 624 1296; x_wconf 91' lang='lat' dir='ltr'>in</span> <span class='ocrx_word' id='word_1_82' title='bbox 647 1232 810 1314; x_wconf 87' lang='lat' dir='ltr'>profundo</span> <span class='ocrx_word' id='word_1_83' title='bbox 832 1236 930 1296; x_wconf 91' lang='lat' dir='ltr'>maris</span> <span class='ocrx_word' id='word_1_84' title='bbox 953 1252 1086 1296; x_wconf 90' lang='lat' dir='ltr'>manens</span> <span class='ocrx_word' id='word_1_85' title='bbox 1101 1246 1132 1296; x_wconf 91' lang='lat' dir='ltr'>et</span> <span class='ocrx_word' id='word_1_86' title='bbox 1148 1235 1277 1315; x_wconf 88' lang='lat' dir='ltr'>reliqua,</span> <span class='ocrx_word' id='word_1_87' title='bbox 1300 1254 1385 1317; x_wconf 90' lang='lat' dir='ltr'>quae</span> <span class='ocrx_word' id='word_1_88' title='bbox 1407 1240 1501 1312; x_wconf 91' lang='lat' dir='ltr'>nosti,</span> <span class='ocrx_word' id='word_1_89' title='bbox 1523 1248 1559 1299; x_wconf 91' lang='lat' dir='ltr'>et</span> <span class='ocrx_word' id='word_1_90' title='bbox 1578 1259 1666 1320; x_wconf 90' lang='lat' dir='ltr'>quae</span> 
     </span>
     <span class='ocr_line' id='line_1_9' title="bbox 210 1337 1668 1421; baseline 0.001 -19"><span class='ocrx_word' id='word_1_91' title='bbox 210 1344 278 1420; x_wconf 85' lang='lat' dir='ltr'>ipse</span> <span class='ocrx_word' id='word_1_92' title='bbox 301 1338 343 1403; x_wconf 95' lang='lat' dir='ltr'>ad</span> <span class='ocrx_word' id='word_1_93' title='bbox 365 1337 551 1403; x_wconf 88' lang='lat' dir='ltr'>Corinthios</span> <span class='ocrx_word' id='word_1_94' title='bbox 574 1337 716 1401; x_wconf 90' lang='lat' dir='ltr'>secunda</span> <span class='ocrx_word' id='word_1_95' title='bbox 738 1338 877 1418; x_wconf 90' lang='lat' dir='ltr'>epistola</span> <span class='ocrx_word' id='word_1_96' title='bbox 899 1340 1043 1401; x_wconf 91' lang='lat' dir='ltr'>scribens</span> <span class='ocrx_word' id='word_1_97' title='bbox 1065 1351 1310 1415; x_wconf 84' lang='lat' dir='ltr'>commemorat,</span> <span class='ocrx_word' id='word_1_98' title='bbox 1333 1341 1440 1421; x_wconf 91' lang='lat' dir='ltr'>qualia</span> <span class='ocrx_word' id='word_1_99' title='bbox 1462 1343 1547 1404; x_wconf 92' lang='lat' dir='ltr'>mala</span> <span class='ocrx_word' id='word_1_100' title='bbox 1569 1354 1604 1404; x_wconf 92' lang='lat' dir='ltr'>et</span> <span class='ocrx_word' id='word_1_101' title='bbox 1619 1345 1668 1405; x_wconf 93' lang='lat' dir='ltr'>in·</span> 
     </span>
     <span class='ocr_line' id='line_1_10' title="bbox 210 1442 1667 1528; baseline 0.002 -21"><span class='ocrx_word' id='word_1_102' title='bbox 210 1445 385 1509; x_wconf 92' lang='lat' dir='ltr'>commoda</span> <span class='ocrx_word' id='word_1_103' title='bbox 408 1444 451 1506; x_wconf 93' lang='lat' dir='ltr'>ab</span> <span class='ocrx_word' id='word_1_104' title='bbox 473 1443 589 1527; x_wconf 88' lang='lat' dir='ltr'>angelo</span> <span class='ocrx_word' id='word_1_105' title='bbox 605 1442 766 1507; x_wconf 87' lang='lat' dir='ltr'>Sathanae</span> <span class='ocrx_word' id='word_1_106' title='bbox 782 1445 909 1522; x_wconf 91' lang='lat' dir='ltr'>provisa</span> <span class='ocrx_word' id='word_1_107' title='bbox 924 1454 957 1507; x_wconf 92' lang='lat' dir='ltr'>et</span> <span class='ocrx_word' id='word_1_108' title='bbox 973 1444 1120 1507; x_wconf 87' lang='lat' dir='ltr'>ordinata</span> <span class='ocrx_word' id='word_1_109' title='bbox 1143 1446 1355 1526; x_wconf 86' lang='lat' dir='ltr'>permissione</span> <span class='ocrx_word' id='word_1_110' title='bbox 1369 1446 1474 1509; x_wconf 89' lang='lat' dir='ltr'>divina</span> <span class='ocrx_word' id='word_1_111' title='bbox 1490 1465 1667 1528; x_wconf 88' lang='lat' dir='ltr'>perpessus</span> 
     </span>
     <span class='ocr_line' id='line_1_11' title="bbox 172 1547 1666 1630; baseline 0.003 -21"><span class='ocrx_word' id='word_1_112' title='bbox 172 1561 257 1611; x_wconf 84' lang='lat' dir='ltr'>mest</span> <span class='ocrx_word' id='word_1_113' title='bbox 280 1561 354 1628; x_wconf 89' lang='lat' dir='ltr'>post</span> <span class='ocrx_word' id='word_1_114' title='bbox 376 1547 462 1609; x_wconf 92' lang='lat' dir='ltr'>illam</span> <span class='ocrx_word' id='word_1_115' title='bbox 485 1549 744 1611; x_wconf 89' lang='lat' dir='ltr'>inenarrabilium</span> <span class='ocrx_word' id='word_1_116' title='bbox 767 1567 875 1611; x_wconf 92' lang='lat' dir='ltr'>rerum</span> <span class='ocrx_word' id='word_1_117' title='bbox 897 1551 930 1609; x_wconf 94' lang='lat' dir='ltr'>in</span> <span class='ocrx_word' id='word_1_118' title='bbox 944 1547 1076 1611; x_wconf 90' lang='lat' dir='ltr'>caelesti</span> <span class='ocrx_word' id='word_1_119' title='bbox 1098 1548 1250 1630; x_wconf 89' lang='lat' dir='ltr'>paradiso</span> <span class='ocrx_word' id='word_1_120' title='bbox 1274 1550 1410 1612; x_wconf 89' lang='lat' dir='ltr'>visarum</span> <span class='ocrx_word' id='word_1_121' title='bbox 1426 1549 1666 1626; x_wconf 88' lang='lat' dir='ltr'>revelationem,</span> 
     </span>
     <span class='ocr_line' id='line_1_12' title="bbox 209 1648 1664 1737; baseline 0.002 -22"><span class='ocrx_word' id='word_1_122' title='bbox 209 1672 251 1715; x_wconf 91' lang='lat' dir='ltr'>ne</span> <span class='ocrx_word' id='word_1_123' title='bbox 278 1653 337 1714; x_wconf 91' lang='lat' dir='ltr'>sibi</span> <span class='ocrx_word' id='word_1_124' title='bbox 368 1655 399 1714; x_wconf 93' lang='lat' dir='ltr'>in</span> <span class='ocrx_word' id='word_1_125' title='bbox 423 1652 471 1714; x_wconf 93' lang='lat' dir='ltr'>his</span> <span class='ocrx_word' id='word_1_126' title='bbox 493 1652 625 1731; x_wconf 91' lang='lat' dir='ltr'>placens</span> <span class='ocrx_word' id='word_1_127' title='bbox 655 1655 770 1716; x_wconf 90' lang='lat' dir='ltr'>ceteris</span> <span class='ocrx_word' id='word_1_128' title='bbox 794 1651 908 1714; x_wconf 90' lang='lat' dir='ltr'>melior</span> <span class='ocrx_word' id='word_1_129' title='bbox 937 1662 1105 1731; x_wconf 90' lang='lat' dir='ltr'>putaretur</span> <span class='ocrx_word' id='word_1_130' title='bbox 1127 1648 1211 1737; x_wconf 93' lang='lat' dir='ltr'>(sic),</span> <span class='ocrx_word' id='word_1_131' title='bbox 1239 1665 1271 1717; x_wconf 92' lang='lat' dir='ltr'>et</span> <span class='ocrx_word' id='word_1_132' title='bbox 1294 1654 1325 1715; x_wconf 91' lang='lat' dir='ltr'>in</span> <span class='ocrx_word' id='word_1_133' title='bbox 1348 1656 1533 1735; x_wconf 88' lang='lat' dir='ltr'>superbiam</span> <span class='ocrx_word' id='word_1_134' title='bbox 1556 1656 1664 1718; x_wconf 91' lang='lat' dir='ltr'>elatus</span> 
     </span>
     <span class='ocr_line' id='line_1_13' title="bbox 210 1755 1665 1839; baseline 0.001 -19"><span class='ocrx_word' id='word_1_135' title='bbox 210 1769 347 1821; x_wconf 86' lang='lat' dir='ltr'>corruat.</span> <span class='ocrx_word' id='word_1_136' title='bbox 386 1755 545 1818; x_wconf 84' lang='lat' dir='ltr'>Medicina</span> <span class='ocrx_word' id='word_1_137' title='bbox 575 1774 654 1838; x_wconf 86' lang='lat' dir='ltr'>ergo</span> <span class='ocrx_word' id='word_1_138' title='bbox 684 1755 768 1818; x_wconf 94' lang='lat' dir='ltr'>illius</span> <span class='ocrx_word' id='word_1_139' title='bbox 795 1756 857 1818; x_wconf 91' lang='lat' dir='ltr'>hae</span> <span class='ocrx_word' id='word_1_140' title='bbox 880 1758 1109 1836; x_wconf 88' lang='lat' dir='ltr'>temptationes</span> <span class='ocrx_word' id='word_1_141' title='bbox 1138 1768 1171 1820; x_wconf 91' lang='lat' dir='ltr'>et</span> <span class='ocrx_word' id='word_1_142' title='bbox 1194 1757 1403 1821; x_wconf 87' lang='lat' dir='ltr'>adversitates</span> <span class='ocrx_word' id='word_1_143' title='bbox 1425 1758 1569 1821; x_wconf 93' lang='lat' dir='ltr'>Domino</span> <span class='ocrx_word' id='word_1_144' title='bbox 1593 1778 1665 1839; x_wconf 89' lang='lat' dir='ltr'>per·</span> 
     </span>
     <span class='ocr_line' id='line_1_14' title="bbox 209 1857 1665 1944; baseline 0.001 -20"><span class='ocrx_word' id='word_1_145' title='bbox 209 1864 356 1924; x_wconf 88' lang='lat' dir='ltr'>mittente</span> <span class='ocrx_word' id='word_1_146' title='bbox 379 1872 493 1923; x_wconf 86' lang='lat' dir='ltr'>contra</span> <span class='ocrx_word' id='word_1_147' title='bbox 514 1861 686 1941; x_wconf 90' lang='lat' dir='ltr'>superbiae</span> <span class='ocrx_word' id='word_1_148' title='bbox 707 1859 802 1923; x_wconf 90' lang='lat' dir='ltr'>letale</span> <span class='ocrx_word' id='word_1_149' title='bbox 825 1863 911 1923; x_wconf 89' lang='lat' dir='ltr'>virus</span> <span class='ocrx_word' id='word_1_150' title='bbox 934 1861 991 1923; x_wconf 88' lang='lat' dir='ltr'>luit</span> <span class='ocrx_word' id='word_1_151' title='bbox 1013 1857 1096 1943; x_wconf 88' lang='lat' dir='ltr'>(sic).</span> <span class='ocrx_word' id='word_1_152' title='bbox 1119 1860 1239 1944; x_wconf 89' lang='lat' dir='ltr'>Magna</span> <span class='ocrx_word' id='word_1_153' title='bbox 1260 1872 1310 1925; x_wconf 92' lang='lat' dir='ltr'>est</span> <span class='ocrx_word' id='word_1_154' title='bbox 1332 1864 1418 1925; x_wconf 91' lang='lat' dir='ltr'>enim</span> <span class='ocrx_word' id='word_1_155' title='bbox 1437 1864 1536 1926; x_wconf 88' lang='lat' dir='ltr'>virtus</span> <span class='ocrx_word' id='word_1_156' title='bbox 1558 1864 1665 1925; x_wconf 92' lang='lat' dir='ltr'>humi-</span> 
     </span>
     <span class='ocr_line' id='line_1_15' title="bbox 209 1964 1665 2050; baseline 0.001 -22"><span class='ocrx_word' id='word_1_157' title='bbox 209 1967 281 2029; x_wconf 88' lang='lat' dir='ltr'>litas</span> <span class='ocrx_word' id='word_1_158' title='bbox 303 1976 336 2028; x_wconf 91' lang='lat' dir='ltr'>et</span> <span class='ocrx_word' id='word_1_159' title='bbox 359 1984 549 2049; x_wconf 84' lang='lat' dir='ltr'>magnarum</span> <span class='ocrx_word' id='word_1_160' title='bbox 574 1984 681 2028; x_wconf 89' lang='lat' dir='ltr'>rerum</span> <span class='ocrx_word' id='word_1_161' title='bbox 703 1965 857 2042; x_wconf 85' lang='lat' dir='ltr'>effectrix,</span> <span class='ocrx_word' id='word_1_162' title='bbox 877 1984 936 2045; x_wconf 90' lang='lat' dir='ltr'>per</span> <span class='ocrx_word' id='word_1_163' title='bbox 951 1984 1050 2046; x_wconf 91' lang='lat' dir='ltr'>quam</span> <span class='ocrx_word' id='word_1_164' title='bbox 1065 1964 1107 2027; x_wconf 94' lang='lat' dir='ltr'>ad</span> <span class='ocrx_word' id='word_1_165' title='bbox 1123 1965 1281 2042; x_wconf 90' lang='lat' dir='ltr'>sublimia,</span> <span class='ocrx_word' id='word_1_166' title='bbox 1297 1969 1316 2030; x_wconf 84' lang='lat' dir='ltr'>i.</span> <span class='ocrx_word' id='word_1_167' title='bbox 1333 1986 1363 2029; x_wconf 91' lang='lat' dir='ltr'>e.</span> <span class='ocrx_word' id='word_1_168' title='bbox 1377 1986 1478 2050; x_wconf 89' lang='lat' dir='ltr'>regna</span> <span class='ocrx_word' id='word_1_169' title='bbox 1501 1967 1665 2041; x_wconf 91' lang='lat' dir='ltr'>caelestia,</span> 
     </span>
     <span class='ocr_line' id='line_1_16' title="bbox 171 2071 1664 2153; baseline 0.004 -24"><span class='ocrx_word' id='word_1_170' title='bbox 171 2071 422 2146; x_wconf 74' lang='lat' dir='ltr'>trascendimus,</span> <span class='ocrx_word' id='word_1_171' title='bbox 453 2073 629 2150; x_wconf 91' lang='lat' dir='ltr'>pessimum</span> <span class='ocrx_word' id='word_1_172' title='bbox 652 2080 761 2132; x_wconf 92' lang='lat' dir='ltr'>autem</span> <span class='ocrx_word' id='word_1_173' title='bbox 783 2080 817 2131; x_wconf 91' lang='lat' dir='ltr'>et</span> <span class='ocrx_word' id='word_1_174' title='bbox 843 2072 1042 2132; x_wconf 89' lang='lat' dir='ltr'>teterrimum</span> <span class='ocrx_word' id='word_1_175' title='bbox 1072 2073 1181 2132; x_wconf 88' lang='lat' dir='ltr'>vitium</span> <span class='ocrx_word' id='word_1_176' title='bbox 1211 2072 1371 2152; x_wconf 88' lang='lat' dir='ltr'>superbia,</span> <span class='ocrx_word' id='word_1_177' title='bbox 1401 2091 1581 2153; x_wconf 89' lang='lat' dir='ltr'>perquam</span> <span class='ocrx_word' id='word_1_178' title='bbox 1605 2093 1664 2135; x_wconf 92' lang='lat' dir='ltr'>an·</span> 
     </span>
     <span class='ocr_line' id='line_1_17' title="bbox 209 2173 1665 2259; baseline 0.001 -21"><span class='ocrx_word' id='word_1_179' title='bbox 209 2175 301 2259; x_wconf 84' lang='lat' dir='ltr'>gelus</span> <span class='ocrx_word' id='word_1_180' title='bbox 323 2174 374 2238; x_wconf 92' lang='lat' dir='ltr'>ille</span> <span class='ocrx_word' id='word_1_181' title='bbox 396 2173 573 2256; x_wconf 89' lang='lat' dir='ltr'>aliquando</span> <span class='ocrx_word' id='word_1_182' title='bbox 597 2174 677 2236; x_wconf 92' lang='lat' dir='ltr'>lucis</span> <span class='ocrx_word' id='word_1_183' title='bbox 699 2174 742 2237; x_wconf 91' lang='lat' dir='ltr'>ad</span> <span class='ocrx_word' id='word_1_184' title='bbox 764 2176 829 2236; x_wconf 92' lang='lat' dir='ltr'>ima</span> <span class='ocrx_word' id='word_1_185' title='bbox 852 2192 954 2254; x_wconf 90' lang='lat' dir='ltr'>usque</span> <span class='ocrx_word' id='word_1_186' title='bbox 977 2185 1094 2238; x_wconf 88' lang='lat' dir='ltr'>tartara</span> <span class='ocrx_word' id='word_1_187' title='bbox 1117 2195 1192 2238; x_wconf 92' lang='lat' dir='ltr'>cum</span> <span class='ocrx_word' id='word_1_188' title='bbox 1214 2177 1345 2239; x_wconf 88' lang='lat' dir='ltr'>asseclis</span> <span class='ocrx_word' id='word_1_189' title='bbox 1374 2179 1440 2240; x_wconf 89' lang='lat' dir='ltr'>suis</span> <span class='ocrx_word' id='word_1_190' title='bbox 1463 2175 1609 2239; x_wconf 90' lang='lat' dir='ltr'>deiectus</span> <span class='ocrx_word' id='word_1_191' title='bbox 1632 2187 1665 2239; x_wconf 91' lang='lat' dir='ltr'>et</span> 
     </span>
     <span class='ocr_line' id='line_1_18' title="bbox 209 2278 1664 2361; baseline 0 -19"><span class='ocrx_word' id='word_1_192' title='bbox 209 2282 438 2360; x_wconf 87' lang='lat' dir='ltr'>praecipitatus</span> <span class='ocrx_word' id='word_1_193' title='bbox 460 2289 518 2354; x_wconf 88' lang='lat' dir='ltr'>est,</span> <span class='ocrx_word' id='word_1_194' title='bbox 540 2290 573 2340; x_wconf 91' lang='lat' dir='ltr'>et</span> <span class='ocrx_word' id='word_1_195' title='bbox 595 2297 776 2360; x_wconf 91' lang='lat' dir='ltr'>perquam</span> <span class='ocrx_word' id='word_1_196' title='bbox 799 2278 830 2340; x_wconf 93' lang='lat' dir='ltr'>hi</span> <span class='ocrx_word' id='word_1_197' title='bbox 853 2279 1012 2357; x_wconf 85' lang='lat' dir='ltr'>homines,</span> <span class='ocrx_word' id='word_1_198' title='bbox 1033 2283 1087 2361; x_wconf 92' lang='lat' dir='ltr'>qui</span> <span class='ocrx_word' id='word_1_199' title='bbox 1110 2298 1186 2343; x_wconf 91' lang='lat' dir='ltr'>eum</span> <span class='ocrx_word' id='word_1_200' title='bbox 1209 2283 1241 2342; x_wconf 95' lang='lat' dir='ltr'>in</span> <span class='ocrx_word' id='word_1_201' title='bbox 1264 2281 1327 2344; x_wconf 91' lang='lat' dir='ltr'>hoc</span> <span class='ocrx_word' id='word_1_202' title='bbox 1341 2280 1459 2343; x_wconf 90' lang='lat' dir='ltr'>scelere</span> <span class='ocrx_word' id='word_1_203' title='bbox 1473 2292 1664 2361; x_wconf 87' lang='lat' dir='ltr'>sequuntur,</span> 
     </span>
     <span class='ocr_line' id='line_1_19' title="bbox 208 2383 1663 2467; baseline -0.001 -20"><span class='ocrx_word' id='word_1_204' title='bbox 208 2385 351 2447; x_wconf 91' lang='lat' dir='ltr'>similiter</span> <span class='ocrx_word' id='word_1_205' title='bbox 365 2387 396 2446; x_wconf 92' lang='lat' dir='ltr'>in</span> <span class='ocrx_word' id='word_1_206' title='bbox 408 2383 494 2445; x_wconf 90' lang='lat' dir='ltr'>illam</span> <span class='ocrx_word' id='word_1_207' title='bbox 511 2383 744 2445; x_wconf 87' lang='lat' dir='ltr'>irremeabilem</span> <span class='ocrx_word' id='word_1_208' title='bbox 760 2383 872 2445; x_wconf 86' lang='lat' dir='ltr'>inferni</span> <span class='ocrx_word' id='word_1_209' title='bbox 888 2385 1073 2467; x_wconf 84' lang='lat' dir='ltr'>voraginem</span> <span class='ocrx_word' id='word_1_210' title='bbox 1088 2396 1246 2466; x_wconf 90' lang='lat' dir='ltr'>perpetuo</span> <span class='ocrx_word' id='word_1_211' title='bbox 1260 2384 1422 2447; x_wconf 90' lang='lat' dir='ltr'>cruciandi</span> <span class='ocrx_word' id='word_1_212' title='bbox 1436 2384 1663 2447; x_wconf 89' lang='lat' dir='ltr'>detruduntur.</span> 
     </span>
     <span class='ocr_line' id='line_1_20' title="bbox 208 2486 1664 2571; baseline 0 -21"><span class='ocrx_word' id='word_1_213' title='bbox 208 2487 296 2551; x_wconf 88' lang='lat' dir='ltr'>Volo</span> <span class='ocrx_word' id='word_1_214' title='bbox 326 2489 383 2550; x_wconf 92' lang='lat' dir='ltr'>tibi</span> <span class='ocrx_word' id='word_1_215' title='bbox 405 2499 574 2569; x_wconf 91' lang='lat' dir='ltr'>postremo</span> <span class='ocrx_word' id='word_1_216' title='bbox 605 2490 735 2550; x_wconf 89' lang='lat' dir='ltr'>unicum</span> <span class='ocrx_word' id='word_1_217' title='bbox 766 2486 809 2549; x_wconf 91' lang='lat' dir='ltr'>de</span> <span class='ocrx_word' id='word_1_218' title='bbox 836 2487 1016 2550; x_wconf 92' lang='lat' dir='ltr'>humilitate</span> <span class='ocrx_word' id='word_1_219' title='bbox 1045 2488 1232 2568; x_wconf 89' lang='lat' dir='ltr'>exemplum</span> <span class='ocrx_word' id='word_1_220' title='bbox 1255 2488 1409 2564; x_wconf 90' lang='lat' dir='ltr'>subicere,</span> <span class='ocrx_word' id='word_1_221' title='bbox 1438 2489 1529 2571; x_wconf 92' lang='lat' dir='ltr'>quod</span> <span class='ocrx_word' id='word_1_222' title='bbox 1554 2491 1664 2550; x_wconf 90' lang='lat' dir='ltr'>scribit</span> 
     </span>
     <span class='ocr_line' id='line_1_21' title="bbox 170 2581 1664 2676; baseline 0.003 -27"><span class='ocrx_word' id='word_1_223' title='bbox 170 2592 301 2655; x_wconf 83' lang='lat' dir='ltr'>sodivus</span> <span class='ocrx_word' id='word_1_224' title='bbox 324 2592 547 2672; x_wconf 83' lang='lat' dir='ltr'>Hieronymus</span> <span class='ocrx_word' id='word_1_225' title='bbox 569 2596 601 2654; x_wconf 92' lang='lat' dir='ltr'>in</span> <span class='ocrx_word' id='word_1_226' title='bbox 623 2595 687 2655; x_wconf 90' lang='lat' dir='ltr'>vita</span> <span class='ocrx_word' id='word_1_227' title='bbox 716 2593 802 2654; x_wconf 89' lang='lat' dir='ltr'>beati</span> <span class='ocrx_word' id='word_1_228' title='bbox 825 2591 978 2654; x_wconf 82' lang='lat' dir='ltr'>hiacharii</span> <span class='ocrx_word' id='word_1_229' title='bbox 1001 2592 1159 2668; x_wconf 86' lang='lat' dir='ltr'>monachi,</span> <span class='ocrx_word' id='word_1_230' title='bbox 1189 2595 1244 2655; x_wconf 84' lang='lat' dir='ltr'>viri</span> <span class='ocrx_word' id='word_1_231' title='bbox 1267 2595 1300 2655; x_wconf 92' lang='lat' dir='ltr'>in</span> <span class='ocrx_word' id='word_1_232' title='bbox 1322 2596 1412 2655; x_wconf 91' lang='lat' dir='ltr'>omni</span> <span class='ocrx_word' id='word_1_233' title='bbox 1433 2593 1587 2655; x_wconf 90' lang='lat' dir='ltr'>virtutum</span> <span class='ocrx_word' id='word_1_234' title='bbox 1610 2581 1664 2676; x_wconf 65' lang='lat' dir='ltr'>gess</span> 
     </span>
     <span class='ocr_line' id='line_1_22' title="bbox 212 2696 1662 2777; baseline -0.001 -18"><span class='ocrx_word' id='word_1_235' title='bbox 212 2717 288 2760; x_wconf 89' lang='lat' dir='ltr'>nere</span> <span class='ocrx_word' id='word_1_236' title='bbox 309 2698 492 2760; x_wconf 77' lang='lat' dir='ltr'>evcercitati</span> <span class='ocrx_word' id='word_1_237' title='bbox 514 2708 546 2759; x_wconf 91' lang='lat' dir='ltr'>et</span> <span class='ocrx_word' id='word_1_238' title='bbox 569 2698 704 2776; x_wconf 91' lang='lat' dir='ltr'>probati.</span> <span class='ocrx_word' id='word_1_239' title='bbox 729 2697 791 2759; x_wconf 90' lang='lat' dir='ltr'>Hic</span> <span class='ocrx_word' id='word_1_240' title='bbox 815 2715 916 2777; x_wconf 92' lang='lat' dir='ltr'>quum</span> <span class='ocrx_word' id='word_1_241' title='bbox 939 2696 1115 2777; x_wconf 90' lang='lat' dir='ltr'>aliquando</span> <span class='ocrx_word' id='word_1_242' title='bbox 1138 2699 1170 2758; x_wconf 93' lang='lat' dir='ltr'>in</span> <span class='ocrx_word' id='word_1_243' title='bbox 1192 2715 1304 2759; x_wconf 91' lang='lat' dir='ltr'>eremo</span> <span class='ocrx_word' id='word_1_244' title='bbox 1326 2716 1462 2759; x_wconf 89' lang='lat' dir='ltr'>manens</span> <span class='ocrx_word' id='word_1_245' title='bbox 1484 2696 1662 2759; x_wconf 91' lang='lat' dir='ltr'>nonnullos</span> 
     </span>
     <span class='ocr_line' id='line_1_23' title="bbox 209 2797 1663 2883; baseline -0.002 -18"><span class='ocrx_word' id='word_1_246' title='bbox 209 2823 251 2865; x_wconf 84' lang='lat' dir='ltr'>ex</span> <span class='ocrx_word' id='word_1_247' title='bbox 280 2801 445 2865; x_wconf 89' lang='lat' dir='ltr'>monachis</span> <span class='ocrx_word' id='word_1_248' title='bbox 475 2800 687 2865; x_wconf 80' lang='lat' dir='ltr'>confratribus</span> <span class='ocrx_word' id='word_1_249' title='bbox 717 2800 846 2883; x_wconf 90' lang='lat' dir='ltr'>(omnes</span> <span class='ocrx_word' id='word_1_250' title='bbox 875 2804 961 2862; x_wconf 93' lang='lat' dir='ltr'>enim</span> <span class='ocrx_word' id='word_1_251' title='bbox 992 2812 1069 2863; x_wconf 91' lang='lat' dir='ltr'>tunc</span> <span class='ocrx_word' id='word_1_252' title='bbox 1098 2801 1249 2863; x_wconf 91' lang='lat' dir='ltr'>monachi</span> <span class='ocrx_word' id='word_1_253' title='bbox 1277 2802 1431 2863; x_wconf 89' lang='lat' dir='ltr'>eremitae</span> <span class='ocrx_word' id='word_1_254' title='bbox 1459 2797 1601 2881; x_wconf 82' lang='lat' dir='ltr'>fuerunt)</span> <span class='ocrx_word' id='word_1_255' title='bbox 1632 2803 1663 2862; x_wconf 92' lang='lat' dir='ltr'>in</span> 
     </span>
     <span class='ocr_line' id='line_1_24' title="bbox 208 2904 1664 2986; baseline -0.002 -18"><span class='ocrx_word' id='word_1_256' title='bbox 208 2909 307 2969; x_wconf 87' lang='lat' dir='ltr'>antris</span> <span class='ocrx_word' id='word_1_257' title='bbox 335 2915 370 2968; x_wconf 89' lang='lat' dir='ltr'>et</span> <span class='ocrx_word' id='word_1_258' title='bbox 398 2905 541 2969; x_wconf 90' lang='lat' dir='ltr'>cavernis</span> <span class='ocrx_word' id='word_1_259' title='bbox 570 2917 733 2986; x_wconf 91' lang='lat' dir='ltr'>petrarum</span> <span class='ocrx_word' id='word_1_260' title='bbox 763 2905 948 2967; x_wconf 86' lang='lat' dir='ltr'>habitantes</span> <span class='ocrx_word' id='word_1_261' title='bbox 978 2907 1126 2978; x_wconf 87' lang='lat' dir='ltr'>visitaret,</span> <span class='ocrx_word' id='word_1_262' title='bbox 1160 2905 1272 2967; x_wconf 89' lang='lat' dir='ltr'>habuit</span> <span class='ocrx_word' id='word_1_263' title='bbox 1302 2906 1436 2967; x_wconf 82' lang='lat' dir='ltr'>obu&#39;um</span> <span class='ocrx_word' id='word_1_264' title='bbox 1464 2904 1664 2966; x_wconf 89' lang='lat' dir='ltr'>daemonem</span> 
     </span>
     <span class='ocr_line' id='line_1_25' title="bbox 208 3007 1662 3093; baseline -0.001 -21"><span class='ocrx_word' id='word_1_265' title='bbox 208 3010 324 3074; x_wconf 87' lang='lat' dir='ltr'>lalcem</span> <span class='ocrx_word' id='word_1_266' title='bbox 345 3012 535 3072; x_wconf 76' lang='lat' dir='ltr'>messoriam</span> <span class='ocrx_word' id='word_1_267' title='bbox 556 3020 737 3093; x_wconf 86' lang='lat' dir='ltr'>gestantem</span> <span class='ocrx_word' id='word_1_268' title='bbox 760 3021 792 3071; x_wconf 91' lang='lat' dir='ltr'>et</span> <span class='ocrx_word' id='word_1_269' title='bbox 808 3027 922 3071; x_wconf 89' lang='lat' dir='ltr'>necem</span> <span class='ocrx_word' id='word_1_270' title='bbox 944 3011 1004 3072; x_wconf 92' lang='lat' dir='ltr'>sibi</span> <span class='ocrx_word' id='word_1_271' title='bbox 1028 3012 1246 3083; x_wconf 90' lang='lat' dir='ltr'>minitantem;</span> <span class='ocrx_word' id='word_1_272' title='bbox 1268 3027 1437 3090; x_wconf 85' lang='lat' dir='ltr'>quumque</span> <span class='ocrx_word' id='word_1_273' title='bbox 1460 3008 1502 3071; x_wconf 91' lang='lat' dir='ltr'>ab</span> <span class='ocrx_word' id='word_1_274' title='bbox 1525 3027 1567 3070; x_wconf 89' lang='lat' dir='ltr'>eo</span> <span class='ocrx_word' id='word_1_275' title='bbox 1591 3007 1662 3070; x_wconf 90' lang='lat' dir='ltr'>Ma·</span> 
     </span>
     <span class='ocr_line' id='line_1_26' title="bbox 168 3111 1664 3196; baseline -0.002 -19"><span class='ocrx_word' id='word_1_276' title='bbox 168 3115 334 3177; x_wconf 54' lang='lat' dir='ltr'>*charius</span> <span class='ocrx_word' id='word_1_277' title='bbox 363 3115 547 3194; x_wconf 79' lang='lat' dir='ltr'>quaesisset,</span> <span class='ocrx_word' id='word_1_278' title='bbox 576 3113 664 3176; x_wconf 91' lang='lat' dir='ltr'>unde</span> <span class='ocrx_word' id='word_1_279' title='bbox 697 3122 730 3175; x_wconf 90' lang='lat' dir='ltr'>et</span> <span class='ocrx_word' id='word_1_280' title='bbox 759 3132 826 3195; x_wconf 92' lang='lat' dir='ltr'>quo</span> <span class='ocrx_word' id='word_1_281' title='bbox 856 3124 1012 3196; x_wconf 83' lang='lat' dir='ltr'>pergeret,</span> <span class='ocrx_word' id='word_1_282' title='bbox 1041 3112 1221 3195; x_wconf 75' lang='lat' dir='ltr'>respondit:</span> <span class='ocrx_word' id='word_1_283' title='bbox 1259 3111 1308 3174; x_wconf 79' lang='lat' dir='ltr'>»A</span> <span class='ocrx_word' id='word_1_284' title='bbox 1331 3113 1483 3176; x_wconf 82' lang='lat' dir='ltr'>fratribus</span> <span class='ocrx_word' id='word_1_285' title='bbox 1505 3115 1569 3175; x_wconf 88' lang='lat' dir='ltr'>tuis</span> <span class='ocrx_word' id='word_1_286' title='bbox 1592 3133 1664 3174; x_wconf 90' lang='lat' dir='ltr'>mo·</span> 
     </span>
     <span class='ocr_line' id='line_1_27' title="bbox 208 3216 1665 3300; baseline -0.002 -19"><span class='ocrx_word' id='word_1_287' title='bbox 208 3218 318 3281; x_wconf 84' lang='lat' dir='ltr'>nachis</span> <span class='ocrx_word' id='word_1_288' title='bbox 339 3217 382 3280; x_wconf 93' lang='lat' dir='ltr'>ad</span> <span class='ocrx_word' id='word_1_289' title='bbox 405 3231 436 3280; x_wconf 91' lang='lat' dir='ltr'>te</span> <span class='ocrx_word' id='word_1_290' title='bbox 458 3217 520 3280; x_wconf 89' lang='lat' dir='ltr'>hac</span> <span class='ocrx_word' id='word_1_291' title='bbox 540 3217 621 3280; x_wconf 82' lang='lat' dir='ltr'>falce</span> <span class='ocrx_word' id='word_1_292' title='bbox 643 3217 890 3281; x_wconf 89' lang='lat' dir='ltr'>interimendum</span> <span class='ocrx_word' id='word_1_293' title='bbox 912 3220 1034 3280; x_wconf 80' lang='lat' dir='ltr'>venio«</span> <span class='ocrx_word' id='word_1_294' title='bbox 1075 3216 1129 3280; x_wconf 86' lang='lat' dir='ltr'>Ad</span> <span class='ocrx_word' id='word_1_295' title='bbox 1151 3237 1250 3300; x_wconf 91' lang='lat' dir='ltr'>quem</span> <span class='ocrx_word' id='word_1_296' title='bbox 1272 3218 1338 3279; x_wconf 91' lang='lat' dir='ltr'>ille:</span> <span class='ocrx_word' id='word_1_297' title='bbox 1365 3216 1491 3296; x_wconf 79' lang='lat' dir='ltr'>»Quam</span> <span class='ocrx_word' id='word_1_298' title='bbox 1512 3229 1665 3279; x_wconf 90' lang='lat' dir='ltr'>strenuus</span> 
     </span>
     <span class='ocr_line' id='line_1_28' title="bbox 207 3319 1661 3404; baseline -0.001 -21"><span class='ocrx_word' id='word_1_299' title='bbox 207 3341 277 3399; x_wconf 79' lang='lat' dir='ltr'>es«,</span> <span class='ocrx_word' id='word_1_300' title='bbox 297 3324 411 3402; x_wconf 88' lang='lat' dir='ltr'>inquit,</span> <span class='ocrx_word' id='word_1_301' title='bbox 438 3321 591 3384; x_wconf 83' lang='lat' dir='ltr'>›bellator</span> <span class='ocrx_word' id='word_1_302' title='bbox 613 3320 782 3384; x_wconf 89' lang='lat' dir='ltr'>adversum</span> <span class='ocrx_word' id='word_1_303' title='bbox 805 3341 874 3395; x_wconf 90' lang='lat' dir='ltr'>eos,</span> <span class='ocrx_word' id='word_1_304' title='bbox 897 3325 951 3404; x_wconf 91' lang='lat' dir='ltr'>qui</span> <span class='ocrx_word' id='word_1_305' title='bbox 975 3335 1007 3383; x_wconf 90' lang='lat' dir='ltr'>te</span> <span class='ocrx_word' id='word_1_306' title='bbox 1029 3334 1061 3384; x_wconf 87' lang='lat' dir='ltr'>et</span> <span class='ocrx_word' id='word_1_307' title='bbox 1085 3319 1148 3383; x_wconf 91' lang='lat' dir='ltr'>tela</span> <span class='ocrx_word' id='word_1_308' title='bbox 1170 3334 1227 3384; x_wconf 88' lang='lat' dir='ltr'>tua</span> <span class='ocrx_word' id='word_1_309' title='bbox 1249 3321 1440 3403; x_wconf 89' lang='lat' dir='ltr'>iampridem</span> <span class='ocrx_word' id='word_1_310' title='bbox 1462 3321 1661 3404; x_wconf 82' lang='lat' dir='ltr'>fregerunt!‹</span> 
     </span>
     <span class='ocr_line' id='line_1_29' title="bbox 208 3423 1666 3509; baseline -0.001 -19"><span class='ocrx_word' id='word_1_311' title='bbox 208 3426 294 3490; x_wconf 86' lang='lat' dir='ltr'>Tum</span> <span class='ocrx_word' id='word_1_312' title='bbox 316 3427 382 3488; x_wconf 90' lang='lat' dir='ltr'>ille:</span> <span class='ocrx_word' id='word_1_313' title='bbox 408 3425 517 3489; x_wconf 72' lang='lat' dir='ltr'>›lstud</span> <span class='ocrx_word' id='word_1_314' title='bbox 540 3444 630 3509; x_wconf 68' lang='lat' dir='ltr'>ego«</span> <span class='ocrx_word' id='word_1_315' title='bbox 656 3427 767 3505; x_wconf 87' lang='lat' dir='ltr'>inquit,</span> <span class='ocrx_word' id='word_1_316' title='bbox 792 3424 965 3499; x_wconf 73' lang='lat' dir='ltr'>›Machari</span> <span class='ocrx_word' id='word_1_317' title='bbox 994 3444 1060 3487; x_wconf 93' lang='lat' dir='ltr'>non</span> <span class='ocrx_word' id='word_1_318' title='bbox 1083 3423 1273 3507; x_wconf 85' lang='lat' dir='ltr'>usqueadeo</span> <span class='ocrx_word' id='word_1_319' title='bbox 1295 3429 1402 3506; x_wconf 91' lang='lat' dir='ltr'>miror,</span> <span class='ocrx_word' id='word_1_320' title='bbox 1425 3425 1517 3507; x_wconf 90' lang='lat' dir='ltr'>quod</span> <span class='ocrx_word' id='word_1_321' title='bbox 1538 3437 1574 3488; x_wconf 90' lang='lat' dir='ltr'>tu</span> <span class='ocrx_word' id='word_1_322' title='bbox 1599 3425 1666 3488; x_wconf 93' lang='lat' dir='ltr'>tela</span> 
     </span>
     <span class='ocr_line' id='line_1_30' title="bbox 208 3529 1665 3611; baseline -0.001 -18"><span class='ocrx_word' id='word_1_323' title='bbox 208 3550 281 3593; x_wconf 88' lang='lat' dir='ltr'>mea</span> <span class='ocrx_word' id='word_1_324' title='bbox 310 3531 500 3601; x_wconf 79' lang='lat' dir='ltr'>contrivisti3</span> <span class='ocrx_word' id='word_1_325' title='bbox 530 3529 590 3592; x_wconf 91' lang='lat' dir='ltr'>sed</span> <span class='ocrx_word' id='word_1_326' title='bbox 618 3549 721 3611; x_wconf 92' lang='lat' dir='ltr'>quum</span> <span class='ocrx_word' id='word_1_327' title='bbox 749 3531 807 3592; x_wconf 92' lang='lat' dir='ltr'>tibi</span> <span class='ocrx_word' id='word_1_328' title='bbox 837 3532 869 3592; x_wconf 91' lang='lat' dir='ltr'>in</span> <span class='ocrx_word' id='word_1_329' title='bbox 899 3530 1008 3592; x_wconf 89' lang='lat' dir='ltr'>multis</span> <span class='ocrx_word' id='word_1_330' title='bbox 1034 3531 1204 3593; x_wconf 78' lang='lat' dir='ltr'>virtutibus</span> <span class='ocrx_word' id='word_1_331' title='bbox 1233 3531 1378 3611; x_wconf 90' lang='lat' dir='ltr'>aequalis</span> <span class='ocrx_word' id='word_1_332' title='bbox 1398 3530 1519 3602; x_wconf 87' lang='lat' dir='ltr'>videar,</span> <span class='ocrx_word' id='word_1_333' title='bbox 1549 3540 1586 3593; x_wconf 92' lang='lat' dir='ltr'>tu</span> <span class='ocrx_word' id='word_1_334' title='bbox 1609 3548 1665 3592; x_wconf 90' lang='lat' dir='ltr'>me</span> 
     </span>
     <span class='ocr_line' id='line_1_31' title="bbox 167 3631 1665 3718; baseline 0.002 -26"><span class='ocrx_word' id='word_1_335' title='bbox 167 3648 318 3698; x_wconf 74' lang='lat' dir='ltr'>attamen</span> <span class='ocrx_word' id='word_1_336' title='bbox 338 3636 485 3714; x_wconf 88' lang='lat' dir='ltr'>superior</span> <span class='ocrx_word' id='word_1_337' title='bbox 506 3634 623 3696; x_wconf 82' lang='lat' dir='ltr'>evadis</span> <span class='ocrx_word' id='word_1_338' title='bbox 647 3631 730 3695; x_wconf 90' lang='lat' dir='ltr'>Nam</span> <span class='ocrx_word' id='word_1_339' title='bbox 753 3633 862 3717; x_wconf 86' lang='lat' dir='ltr'>vigilas</span> <span class='ocrx_word' id='word_1_340' title='bbox 885 3645 920 3697; x_wconf 92' lang='lat' dir='ltr'>tu</span> <span class='ocrx_word' id='word_1_341' title='bbox 935 3652 1042 3714; x_wconf 90' lang='lat' dir='ltr'>saepe,</span> <span class='ocrx_word' id='word_1_342' title='bbox 1065 3634 1177 3709; x_wconf 82' lang='lat' dir='ltr'>fateor,</span> <span class='ocrx_word' id='word_1_343' title='bbox 1198 3647 1232 3697; x_wconf 88' lang='lat' dir='ltr'>at</span> <span class='ocrx_word' id='word_1_344' title='bbox 1247 3654 1310 3718; x_wconf 86' lang='lat' dir='ltr'>ego</span> <span class='ocrx_word' id='word_1_345' title='bbox 1324 3653 1492 3716; x_wconf 88' lang='lat' dir='ltr'>nunquam</span> <span class='ocrx_word' id='word_1_346' title='bbox 1514 3634 1665 3710; x_wconf 92' lang='lat' dir='ltr'>dormio;</span> 
     </span>
     <span class='ocr_line' id='line_1_32' title="bbox 207 3737 1665 3822; baseline -0.001 -21"><span class='ocrx_word' id='word_1_347' title='bbox 207 3742 317 3803; x_wconf 90' lang='lat' dir='ltr'>cibum</span> <span class='ocrx_word' id='word_1_348' title='bbox 346 3737 519 3801; x_wconf 88' lang='lat' dir='ltr'>ieiunando</span> <span class='ocrx_word' id='word_1_349' title='bbox 548 3741 581 3800; x_wconf 92' lang='lat' dir='ltr'>in</span> <span class='ocrx_word' id='word_1_350' title='bbox 608 3738 731 3819; x_wconf 88' lang='lat' dir='ltr'>aliquot</span> <span class='ocrx_word' id='word_1_351' title='bbox 761 3737 877 3800; x_wconf 92' lang='lat' dir='ltr'>diebus</span> <span class='ocrx_word' id='word_1_352' title='bbox 906 3758 971 3800; x_wconf 90' lang='lat' dir='ltr'>non</span> <span class='ocrx_word' id='word_1_353' title='bbox 1001 3742 1100 3820; x_wconf 89' lang='lat' dir='ltr'>capis,</span> <span class='ocrx_word' id='word_1_354' title='bbox 1130 3759 1193 3822; x_wconf 85' lang='lat' dir='ltr'>ego</span> <span class='ocrx_word' id='word_1_355' title='bbox 1223 3751 1332 3802; x_wconf 89' lang='lat' dir='ltr'>autem</span> <span class='ocrx_word' id='word_1_356' title='bbox 1355 3741 1399 3801; x_wconf 93' lang='lat' dir='ltr'>ab</span> <span class='ocrx_word' id='word_1_357' title='bbox 1420 3741 1509 3802; x_wconf 91' lang='lat' dir='ltr'>omni</span> <span class='ocrx_word' id='word_1_358' title='bbox 1532 3741 1609 3800; x_wconf 91' lang='lat' dir='ltr'>cibo</span> <span class='ocrx_word' id='word_1_359' title='bbox 1631 3751 1665 3801; x_wconf 91' lang='lat' dir='ltr'>et</span> 
     </span>
     <span class='ocr_line' id='line_1_33' title="bbox 209 3842 1667 3926; baseline -0.001 -20"><span class='ocrx_word' id='word_1_360' title='bbox 209 3858 291 3926; x_wconf 90' lang='lat' dir='ltr'>potu</span> <span class='ocrx_word' id='word_1_361' title='bbox 311 3860 441 3924; x_wconf 87' lang='lat' dir='ltr'>semper</span> <span class='ocrx_word' id='word_1_362' title='bbox 462 3842 628 3916; x_wconf 84' lang='lat' dir='ltr'>abstine0;</span> <span class='ocrx_word' id='word_1_363' title='bbox 650 3860 732 3921; x_wconf 75' lang='lat' dir='ltr'>opes</span> <span class='ocrx_word' id='word_1_364' title='bbox 755 3855 790 3904; x_wconf 93' lang='lat' dir='ltr'>tu</span> <span class='ocrx_word' id='word_1_365' title='bbox 812 3856 846 3905; x_wconf 92' lang='lat' dir='ltr'>et</span> <span class='ocrx_word' id='word_1_366' title='bbox 868 3842 993 3905; x_wconf 73' lang='lat' dir='ltr'>divitias</span> <span class='ocrx_word' id='word_1_367' title='bbox 1013 3845 1244 3924; x_wconf 87' lang='lat' dir='ltr'>contempsisti,</span> <span class='ocrx_word' id='word_1_368' title='bbox 1266 3844 1344 3906; x_wconf 89' lang='lat' dir='ltr'>mihi</span> <span class='ocrx_word' id='word_1_369' title='bbox 1366 3854 1478 3906; x_wconf 88' lang='lat' dir='ltr'>autem</span> <span class='ocrx_word' id='word_1_370' title='bbox 1498 3861 1580 3922; x_wconf 87' lang='lat' dir='ltr'>opes</span> <span class='ocrx_word' id='word_1_371' title='bbox 1597 3843 1667 3904; x_wconf 91' lang='lat' dir='ltr'>nul·</span> 
     </span>
     <span class='ocr_line' id='line_1_34' title="bbox 208 3946 1666 4029; baseline -0.002 -18"><span class='ocrx_word' id='word_1_372' title='bbox 208 3950 258 4011; x_wconf 85' lang='lat' dir='ltr'>lae</span> <span class='ocrx_word' id='word_1_373' title='bbox 272 3961 356 4022; x_wconf 86' lang='lat' dir='ltr'>sunt,</span> <span class='ocrx_word' id='word_1_374' title='bbox 379 3966 485 4029; x_wconf 89' lang='lat' dir='ltr'>neque</span> <span class='ocrx_word' id='word_1_375' title='bbox 499 3965 556 4009; x_wconf 84' lang='lat' dir='ltr'>eas</span> <span class='ocrx_word' id='word_1_376' title='bbox 571 3946 691 4008; x_wconf 81' lang='lat' dir='ltr'>habere</span> <span class='ocrx_word' id='word_1_377' title='bbox 713 3949 835 4021; x_wconf 73' lang='lat' dir='ltr'>curavi,</span> <span class='ocrx_word' id='word_1_378' title='bbox 857 3948 1124 4010; x_wconf 87' lang='lat' dir='ltr'>consuetudinem</span> <span class='ocrx_word' id='word_1_379' title='bbox 1147 3962 1181 4011; x_wconf 93' lang='lat' dir='ltr'>tu</span> <span class='ocrx_word' id='word_1_380' title='bbox 1197 3960 1229 4010; x_wconf 89' lang='lat' dir='ltr'>et</span> <span class='ocrx_word' id='word_1_381' title='bbox 1245 3947 1376 4010; x_wconf 89' lang='lat' dir='ltr'>delicias</span> <span class='ocrx_word' id='word_1_382' title='bbox 1397 3946 1568 4010; x_wconf 90' lang='lat' dir='ltr'>mulierum</span> <span class='ocrx_word' id='word_1_383' title='bbox 1584 3949 1666 4008; x_wconf 88' lang='lat' dir='ltr'>reie-</span> 
     </span>
     <span class='ocr_line' id='line_1_35' title="bbox 209 4051 1666 4134; baseline -0.002 -18"><span class='ocrx_word' id='word_1_384' title='bbox 209 4055 287 4127; x_wconf 81' lang='lat' dir='ltr'>cisti,</span> <span class='ocrx_word' id='word_1_385' title='bbox 310 4052 387 4114; x_wconf 89' lang='lat' dir='ltr'>mihi</span> <span class='ocrx_word' id='word_1_386' title='bbox 408 4065 518 4114; x_wconf 85' lang='lat' dir='ltr'>autent</span> <span class='ocrx_word' id='word_1_387' title='bbox 540 4068 706 4131; x_wconf 89' lang='lat' dir='ltr'>nunquam</span> <span class='ocrx_word' id='word_1_388' title='bbox 728 4070 804 4113; x_wconf 90' lang='lat' dir='ltr'>cum</span> <span class='ocrx_word' id='word_1_389' title='bbox 826 4051 1012 4114; x_wconf 82' lang='lat' dir='ltr'>mulieribus</span> <span class='ocrx_word' id='word_1_390' title='bbox 1034 4054 1208 4134; x_wconf 86' lang='lat' dir='ltr'>quicquam</span> <span class='ocrx_word' id='word_1_391' title='bbox 1230 4055 1274 4114; x_wconf 89' lang='lat' dir='ltr'>rei</span> <span class='ocrx_word' id='word_1_392' title='bbox 1296 4052 1370 4128; x_wconf 82' lang='lat' dir='ltr'>fuit;</span> <span class='ocrx_word' id='word_1_393' title='bbox 1392 4054 1487 4114; x_wconf 92' lang='lat' dir='ltr'>unica</span> <span class='ocrx_word' id='word_1_394' title='bbox 1501 4064 1551 4113; x_wconf 91' lang='lat' dir='ltr'>est</span> <span class='ocrx_word' id='word_1_395' title='bbox 1566 4053 1666 4134; x_wconf 88' lang='lat' dir='ltr'>igitur</span> 
     </span>
     <span class='ocr_line' id='line_1_36' title="bbox 168 4154 1665 4240; baseline 0.001 -25"><span class='ocrx_word' id='word_1_396' title='bbox 168 4173 197 4215; x_wconf 78' lang='lat' dir='ltr'>ar</span> <span class='ocrx_word' id='word_1_397' title='bbox 209 4176 269 4225; x_wconf 68' lang='lat' dir='ltr'>nes</span> <span class='ocrx_word' id='word_1_398' title='bbox 289 4176 356 4237; x_wconf 82' lang='lat' dir='ltr'>qua</span> <span class='ocrx_word' id='word_1_399' title='bbox 377 4174 431 4218; x_wconf 88' lang='lat' dir='ltr'>me</span> <span class='ocrx_word' id='word_1_400' title='bbox 452 4173 595 4234; x_wconf 64' lang='lat' dir='ltr'>superas</span> <span class='ocrx_word' id='word_1_401' title='bbox 616 4154 733 4217; x_wconf 89' lang='lat' dir='ltr'>scilicet</span> <span class='ocrx_word' id='word_1_402' title='bbox 755 4155 924 4219; x_wconf 83' lang='lat' dir='ltr'>humilitas</span> <span class='ocrx_word' id='word_1_403' title='bbox 960 4156 1054 4219; x_wconf 89' lang='lat' dir='ltr'>Hanc</span> <span class='ocrx_word' id='word_1_404' title='bbox 1075 4176 1139 4240; x_wconf 83' lang='lat' dir='ltr'>ego</span> <span class='ocrx_word' id='word_1_405' title='bbox 1161 4176 1328 4239; x_wconf 85' lang='lat' dir='ltr'>nunquam</span> <span class='ocrx_word' id='word_1_406' title='bbox 1353 4157 1452 4219; x_wconf 86' lang='lat' dir='ltr'>habui</span> <span class='ocrx_word' id='word_1_407' title='bbox 1474 4174 1582 4235; x_wconf 90' lang='lat' dir='ltr'>neque</span> <span class='ocrx_word' id='word_1_408' title='bbox 1607 4155 1665 4217; x_wconf 94' lang='lat' dir='ltr'>ha-</span> 
     </span>
     <span class='ocr_line' id='line_1_37' title="bbox 209 4258 1665 4342; baseline -0.002 -17"><span class='ocrx_word' id='word_1_409' title='bbox 209 4264 287 4325; x_wconf 76' lang='lat' dir='ltr'>bere</span> <span class='ocrx_word' id='word_1_410' title='bbox 306 4279 467 4341; x_wconf 62' lang='lat' dir='ltr'>possum</span> <span class='ocrx_word' id='word_1_411' title='bbox 493 4258 588 4333; x_wconf 85' lang='lat' dir='ltr'>Vide,</span> <span class='ocrx_word' id='word_1_412' title='bbox 610 4259 727 4323; x_wconf 86' lang='lat' dir='ltr'>dilecte</span> <span class='ocrx_word' id='word_1_413' title='bbox 749 4270 848 4339; x_wconf 82' lang='lat' dir='ltr'>pater,</span> <span class='ocrx_word' id='word_1_414' title='bbox 871 4263 982 4341; x_wconf 84' lang='lat' dir='ltr'>quanti</span> <span class='ocrx_word' id='word_1_415' title='bbox 1012 4265 1053 4325; x_wconf 87' lang='lat' dir='ltr'>sit</span> <span class='ocrx_word' id='word_1_416' title='bbox 1075 4264 1179 4324; x_wconf 88' lang='lat' dir='ltr'>meriti</span> <span class='ocrx_word' id='word_1_417' title='bbox 1200 4274 1233 4324; x_wconf 91' lang='lat' dir='ltr'>et</span> <span class='ocrx_word' id='word_1_418' title='bbox 1255 4272 1396 4342; x_wconf 88' lang='lat' dir='ltr'>quantae</span> <span class='ocrx_word' id='word_1_419' title='bbox 1417 4259 1579 4322; x_wconf 73' lang='lat' dir='ltr'>eslimciae</span> <span class='ocrx_word' id='word_1_420' title='bbox 1602 4259 1665 4322; x_wconf 90' lang='lat' dir='ltr'>hu-</span> 
     </span>
     <span class='ocr_line' id='line_1_38' title="bbox 210 4363 1666 4444; baseline 0 -17"><span class='ocrx_word' id='word_1_421' title='bbox 210 4367 325 4427; x_wconf 84' lang='lat' dir='ltr'>militas</span> <span class='ocrx_word' id='word_1_422' title='bbox 353 4366 478 4426; x_wconf 88' lang='lat' dir='ltr'>inimica</span> <span class='ocrx_word' id='word_1_423' title='bbox 504 4364 685 4442; x_wconf 82' lang='lat' dir='ltr'>superbiae.</span> <span class='ocrx_word' id='word_1_424' title='bbox 721 4363 829 4444; x_wconf 82' lang='lat' dir='ltr'>Quam</span> <span class='ocrx_word' id='word_1_425' title='bbox 860 4378 895 4426; x_wconf 91' lang='lat' dir='ltr'>tu</span> <span class='ocrx_word' id='word_1_426' title='bbox 917 4368 944 4427; x_wconf 89' lang='lat' dir='ltr'>si</span> <span class='ocrx_word' id='word_1_427' title='bbox 967 4368 999 4427; x_wconf 93' lang='lat' dir='ltr'>in</span> <span class='ocrx_word' id='word_1_428' title='bbox 1021 4366 1174 4429; x_wconf 89' lang='lat' dir='ltr'>omnibus</span> <span class='ocrx_word' id='word_1_429' title='bbox 1204 4366 1295 4428; x_wconf 84' lang='lat' dir='ltr'>lactis</span> <span class='ocrx_word' id='word_1_430' title='bbox 1319 4366 1382 4427; x_wconf 86' lang='lat' dir='ltr'>tuis</span> <span class='ocrx_word' id='word_1_431' title='bbox 1403 4384 1471 4427; x_wconf 91' lang='lat' dir='ltr'>non</span> <span class='ocrx_word' id='word_1_432' title='bbox 1494 4365 1602 4427; x_wconf 90' lang='lat' dir='ltr'>solum</span> <span class='ocrx_word' id='word_1_433' title='bbox 1628 4375 1666 4427; x_wconf 91' lang='lat' dir='ltr'>ut</span> 
     </span>
     <span class='ocr_line' id='line_1_39' title="bbox 208 4466 1664 4549; baseline -0.001 -19"><span class='ocrx_word' id='word_1_434' title='bbox 208 4472 330 4531; x_wconf 66' lang='lat' dir='ltr'>§odam</span> <span class='ocrx_word' id='word_1_435' title='bbox 358 4479 392 4530; x_wconf 87' lang='lat' dir='ltr'>et</span> <span class='ocrx_word' id='word_1_436' title='bbox 422 4468 575 4529; x_wconf 86' lang='lat' dir='ltr'>comitem</span> <span class='ocrx_word' id='word_1_437' title='bbox 597 4466 656 4529; x_wconf 82' lang='lat' dir='ltr'>sed</span> <span class='ocrx_word' id='word_1_438' title='bbox 685 4482 720 4529; x_wconf 90' lang='lat' dir='ltr'>ut</span> <span class='ocrx_word' id='word_1_439' title='bbox 742 4468 963 4531; x_wconf 80' lang='lat' dir='ltr'>charissimam</span> <span class='ocrx_word' id='word_1_440' title='bbox 992 4488 1140 4531; x_wconf 87' lang='lat' dir='ltr'>sororem</span> <span class='ocrx_word' id='word_1_441' title='bbox 1169 4469 1380 4549; x_wconf 86' lang='lat' dir='ltr'>amplecteris,</span> <span class='ocrx_word' id='word_1_442' title='bbox 1410 4468 1605 4546; x_wconf 88' lang='lat' dir='ltr'>dispeream,</span> <span class='ocrx_word' id='word_1_443' title='bbox 1637 4471 1664 4529; x_wconf 90' lang='lat' dir='ltr'>si</span> 
     </span>
     <span class='ocr_line' id='line_1_40' title="bbox 209 4570 1665 4655; baseline 0.001 -22"><span class='ocrx_word' id='word_1_444' title='bbox 209 4571 288 4655; x_wconf 83' lang='lat' dir='ltr'>quid</span> <span class='ocrx_word' id='word_1_445' title='bbox 309 4573 367 4633; x_wconf 90' lang='lat' dir='ltr'>tibi</span> <span class='ocrx_word' id='word_1_446' title='bbox 388 4571 490 4633; x_wconf 68' lang='lat' dir='ltr'>fastus</span> <span class='ocrx_word' id='word_1_447' title='bbox 511 4584 542 4633; x_wconf 91' lang='lat' dir='ltr'>et</span> <span class='ocrx_word' id='word_1_448' title='bbox 565 4570 630 4632; x_wconf 81' lang='lat' dir='ltr'>ulla</span> <span class='ocrx_word' id='word_1_449' title='bbox 651 4574 697 4633; x_wconf 79' lang='lat' dir='ltr'>tis</span> <span class='ocrx_word' id='word_1_450' title='bbox 720 4571 890 4634; x_wconf 89' lang='lat' dir='ltr'>daemonis</span> <span class='ocrx_word' id='word_1_451' title='bbox 910 4591 1027 4635; x_wconf 83' lang='lat' dir='ltr'>nooere</span> <span class='ocrx_word' id='word_1_452' title='bbox 1048 4575 1174 4653; x_wconf 87' lang='lat' dir='ltr'>poterit.</span> <span class='ocrx_word' id='word_1_453' title='bbox 1213 4573 1303 4634; x_wconf 87' lang='lat' dir='ltr'>Haec</span> <span class='ocrx_word' id='word_1_454' title='bbox 1325 4573 1432 4645; x_wconf 90' lang='lat' dir='ltr'>habui,</span> <span class='ocrx_word' id='word_1_455' title='bbox 1453 4591 1539 4653; x_wconf 86' lang='lat' dir='ltr'>quae</span> <span class='ocrx_word' id='word_1_456' title='bbox 1561 4571 1606 4632; x_wconf 93' lang='lat' dir='ltr'>ad</span> <span class='ocrx_word' id='word_1_457' title='bbox 1631 4585 1665 4634; x_wconf 90' lang='lat' dir='ltr'>te</span> 
     </span>
     <span class='ocr_line' id='line_1_41' title="bbox 170 4675 1666 4759; baseline 0.003 -25"><span class='ocrx_word' id='word_1_458' title='bbox 170 4678 339 4739; x_wconf 71' lang='lat' dir='ltr'>ohortatu</span> <span class='ocrx_word' id='word_1_459' title='bbox 367 4675 574 4757; x_wconf 89' lang='lat' dir='ltr'>quorundam</span> <span class='ocrx_word' id='word_1_460' title='bbox 608 4675 759 4739; x_wconf 87' lang='lat' dir='ltr'>inductus</span> <span class='ocrx_word' id='word_1_461' title='bbox 791 4677 972 4745; x_wconf 80' lang='lat' dir='ltr'>scriberem.</span> <span class='ocrx_word' id='word_1_462' title='bbox 1001 4691 1101 4759; x_wconf 90' lang='lat' dir='ltr'>teque</span> <span class='ocrx_word' id='word_1_463' title='bbox 1129 4681 1161 4739; x_wconf 91' lang='lat' dir='ltr'>in</span> <span class='ocrx_word' id='word_1_464' title='bbox 1191 4680 1362 4758; x_wconf 87' lang='lat' dir='ltr'>proposito</span> <span class='ocrx_word' id='word_1_465' title='bbox 1383 4686 1556 4755; x_wconf 90' lang='lat' dir='ltr'>susceptae</span> <span class='ocrx_word' id='word_1_466' title='bbox 1578 4679 1666 4739; x_wconf 90' lang='lat' dir='ltr'>vitae</span> 
     </span>
     <span class='ocr_line' id='line_1_42' title="bbox 208 4780 1665 4863; baseline -0.001 -18"><span class='ocrx_word' id='word_1_467' title='bbox 208 4780 498 4845; x_wconf 69' lang='lat' dir='ltr'>mahummet</span> <span class='ocrx_word' id='word_1_468' title='bbox 521 4782 553 4841; x_wconf 90' lang='lat' dir='ltr'>in</span> <span class='ocrx_word' id='word_1_469' title='bbox 575 4782 703 4843; x_wconf 82' lang='lat' dir='ltr'>servitio</span> <span class='ocrx_word' id='word_1_470' title='bbox 727 4780 786 4842; x_wconf 89' lang='lat' dir='ltr'>Dei</span> <span class='ocrx_word' id='word_1_471' title='bbox 808 4799 938 4861; x_wconf 86' lang='lat' dir='ltr'>semper</span> <span class='ocrx_word' id='word_1_472' title='bbox 959 4792 1090 4843; x_wconf 83' lang='lat' dir='ltr'>cautum</span> <span class='ocrx_word' id='word_1_473' title='bbox 1113 4797 1146 4844; x_wconf 90' lang='lat' dir='ltr'>et</span> <span class='ocrx_word' id='word_1_474' title='bbox 1169 4782 1351 4863; x_wconf 78' lang='lat' dir='ltr'>providum,</span> <span class='ocrx_word' id='word_1_475' title='bbox 1372 4784 1405 4844; x_wconf 90' lang='lat' dir='ltr'>in</span> <span class='ocrx_word' id='word_1_476' title='bbox 1426 4781 1665 4844; x_wconf 89' lang='lat' dir='ltr'>tentationibus</span> 
     </span>
     <span class='ocr_line' id='line_1_43' title="bbox 208 4883 1666 4964; baseline 0 -17"><span class='ocrx_word' id='word_1_477' title='bbox 208 4902 318 4947; x_wconf 82' lang='lat' dir='ltr'>autem</span> <span class='ocrx_word' id='word_1_478' title='bbox 340 4888 444 4947; x_wconf 82' lang='lat' dir='ltr'>carnis</span> <span class='ocrx_word' id='word_1_479' title='bbox 465 4904 497 4947; x_wconf 87' lang='lat' dir='ltr'>et</span> <span class='ocrx_word' id='word_1_480' title='bbox 520 4886 640 4948; x_wconf 82' lang='lat' dir='ltr'>diaboli</span> <span class='ocrx_word' id='word_1_481' title='bbox 662 4902 827 4949; x_wconf 82' lang='lat' dir='ltr'>strenuum</span> <span class='ocrx_word' id='word_1_482' title='bbox 851 4898 887 4948; x_wconf 89' lang='lat' dir='ltr'>et</span> <span class='ocrx_word' id='word_1_483' title='bbox 906 4885 1044 4948; x_wconf 80' lang='lat' dir='ltr'>alacrem</span> <span class='ocrx_word' id='word_1_484' title='bbox 1068 4885 1248 4947; x_wconf 88' lang='lat' dir='ltr'>redderem.</span> <span class='ocrx_word' id='word_1_485' title='bbox 1269 4883 1364 4964; x_wconf 84' lang='lat' dir='ltr'>Quae</span> <span class='ocrx_word' id='word_1_486' title='bbox 1385 4888 1412 4947; x_wconf 91' lang='lat' dir='ltr'>si</span> <span class='ocrx_word' id='word_1_487' title='bbox 1434 4885 1535 4946; x_wconf 88' lang='lat' dir='ltr'>laicus</span> <span class='ocrx_word' id='word_1_488' title='bbox 1556 4903 1666 4947; x_wconf 89' lang='lat' dir='ltr'>sacer·</span> 
     </span>
     <span class='ocr_line' id='line_1_44' title="bbox 210 4988 1664 5072; baseline -0.001 -21"><span class='ocrx_word' id='word_1_489' title='bbox 210 4990 280 5051; x_wconf 77' lang='lat' dir='ltr'>doti</span> <span class='ocrx_word' id='word_1_490' title='bbox 301 4992 417 5055; x_wconf 53' lang='lat' dir='ltr'>suitur.</span> <span class='ocrx_word' id='word_1_491' title='bbox 447 5007 513 5052; x_wconf 88' lang='lat' dir='ltr'>non</span> <span class='ocrx_word' id='word_1_492' title='bbox 544 4990 601 5051; x_wconf 90' lang='lat' dir='ltr'>tibi</span> <span class='ocrx_word' id='word_1_493' title='bbox 631 5008 739 5051; x_wconf 83' lang='lat' dir='ltr'>tamen</span> <span class='ocrx_word' id='word_1_494' title='bbox 761 5010 818 5070; x_wconf 83' lang='lat' dir='ltr'>per</span> <span class='ocrx_word' id='word_1_495' title='bbox 839 5004 1067 5069; x_wconf 84' lang='lat' dir='ltr'>contemptum</span> <span class='ocrx_word' id='word_1_496' title='bbox 1093 5004 1253 5071; x_wconf 86' lang='lat' dir='ltr'>tanquam·</span> <span class='ocrx_word' id='word_1_497' title='bbox 1277 5002 1474 5072; x_wconf 84' lang='lat' dir='ltr'>nugamenta</span> <span class='ocrx_word' id='word_1_498' title='bbox 1497 4988 1664 5069; x_wconf 85' lang='lat' dir='ltr'>quaedam</span> 
     </span>
     <span class='ocr_line' id='line_1_45' title="bbox 209 5093 1665 5174; baseline 0.001 -20"><span class='ocrx_word' id='word_1_499' title='bbox 209 5096 270 5155; x_wconf 65' lang='lat' dir='ltr'>ab&lt;</span> <span class='ocrx_word' id='word_1_500' title='bbox 292 5102 324 5154; x_wconf 84' lang='lat' dir='ltr'>te</span> <span class='ocrx_word' id='word_1_501' title='bbox 346 5095 500 5174; x_wconf 64' lang='lat' dir='ltr'>parietes</span> <span class='ocrx_word' id='word_1_502' title='bbox 523 5093 581 5155; x_wconf 79' lang='lat' dir='ltr'>sed</span> <span class='ocrx_word' id='word_1_503' title='bbox 603 5113 710 5174; x_wconf 82' lang='lat' dir='ltr'>aequo</span> <span class='ocrx_word' id='word_1_504' title='bbox 732 5098 842 5157; x_wconf 87' lang='lat' dir='ltr'>animo</span> <span class='ocrx_word' id='word_1_505' title='bbox 863 5098 1000 5173; x_wconf 75' lang='lat' dir='ltr'>aoeipies</span> <span class='ocrx_word' id='word_1_506' title='bbox 1031 5108 1063 5156; x_wconf 91' lang='lat' dir='ltr'>et</span> <span class='ocrx_word' id='word_1_507' title='bbox 1085 5095 1163 5156; x_wconf 79' lang='lat' dir='ltr'>boni</span> <span class='ocrx_word' id='word_1_508' title='bbox 1186 5094 1345 5165; x_wconf 68' lang='lat' dir='ltr'>consults,</span> <span class='ocrx_word' id='word_1_509' title='bbox 1367 5111 1469 5173; x_wconf 88' lang='lat' dir='ltr'>quum</span> <span class='ocrx_word' id='word_1_510' title='bbox 1484 5104 1517 5154; x_wconf 90' lang='lat' dir='ltr'>et</span> <span class='ocrx_word' id='word_1_511' title='bbox 1533 5111 1554 5152; x_wconf 92' lang='lat' dir='ltr'>a</span> <span class='ocrx_word' id='word_1_512' title='bbox 1568 5093 1665 5167; x_wconf 87' lang='lat' dir='ltr'>laico,</span> 
     </span>
     <span class='ocr_line' id='line_1_46' title="bbox 171 5195 1661 5278; baseline 0.001 -20"><span class='ocrx_word' id='word_1_513' title='bbox 171 5200 236 5258; x_wconf 54' lang='lat' dir='ltr'>&amp;tsi</span> <span class='ocrx_word' id='word_1_514' title='bbox 259 5216 323 5277; x_wconf 75' lang='lat' dir='ltr'>qua</span> <span class='ocrx_word' id='word_1_515' title='bbox 347 5198 433 5258; x_wconf 76' lang='lat' dir='ltr'>utilia</span> <span class='ocrx_word' id='word_1_516' title='bbox 456 5214 486 5258; x_wconf 79' lang='lat' dir='ltr'>e:</span> <span class='ocrx_word' id='word_1_517' title='bbox 512 5197 659 5258; x_wconf 61' lang='lat' dir='ltr'>stlattaria</span> <span class='ocrx_word' id='word_1_518' title='bbox 683 5198 836 5260; x_wconf 79' lang='lat' dir='ltr'>discenda</span> <span class='ocrx_word' id='word_1_519' title='bbox 859 5198 1024 5261; x_wconf 79' lang='lat' dir='ltr'>docentur.</span> <span class='ocrx_word' id='word_1_520' title='bbox 1047 5198 1231 5278; x_wconf 82' lang='lat' dir='ltr'>respuenda</span> <span class='ocrx_word' id='word_1_521' title='bbox 1254 5216 1319 5258; x_wconf 91' lang='lat' dir='ltr'>non</span> <span class='ocrx_word' id='word_1_522' title='bbox 1342 5210 1425 5259; x_wconf 81' lang='lat' dir='ltr'>sunt.</span> <span class='ocrx_word' id='word_1_523' title='bbox 1464 5195 1551 5258; x_wconf 73' lang='lat' dir='ltr'>Vale</span> <span class='ocrx_word' id='word_1_524' title='bbox 1573 5198 1661 5260; x_wconf 90' lang='lat' dir='ltr'>bene</span> 
     </span>
    </p>
   </div>
   <div class='ocr_carea' id='block_1_3' title="bbox 0 0 1842 5858">
    <p class='ocr_par' dir='ltr' id='par_1_3' title="bbox 0 0 1842 5858">
     <span class='ocr_line' id='line_1_47' title="bbox 0 0 1842 5858; baseline 0 0"><span class='ocrx_word' id='word_1_525' title='bbox 0 0 1842 5858; x_wconf 95' lang='lat' dir='ltr'> </span> 
     </span>
    </p>
   </div>
  </div>
 </body>
</html>
