3674 5858
219 395 254 446 ll
614 398 733 467 Pisecky‘
750 398 821 468 Janu
838 397 920 451 lariti
939 416 956 451 u
976 418 1016 452 nv.
1033 397 1177 469 Jindticba
1196 396 1273 453 150».

218 608 292 691 (sic't
314 628 420 690 neque
443 608 566 672 Platoni
588 630 694 693 neque
716 610 881 673 Aristoteli
904 615 947 674 ita
970 631 1043 676 esse
1065 611 1305 684 inhaerendum.
1334 624 1370 676 ut
1399 617 1498 675 ceteri
1524 612 1666 675 doctrina

218 726 418 793 praestantes
440 716 495 775 viri
519 716 785 793 posthabeantur,
815 737 916 799 quum
947 720 1006 798 ipsi
1034 737 1099 778 non
1121 717 1163 779 dii
1187 718 1246 779 sed
1269 717 1418 780 homines
1440 717 1579 790 fuerunt,
1609 718 1666 798 qui,

219 830 254 878 ut
268 819 320 878 alii
335 818 435 890 multi,
451 817 522 885 labi,
545 839 653 881 errare
668 831 699 881 et
715 823 838 882 nescire
853 834 1036 900 potuerunt.
1061 820 1177 901 Neque
1191 822 1288 884 etiarn
1304 823 1413 884 omnia
1428 820 1668 902 percalluerunt,

216 940 318 1001 quum
342 921 390 983 his
412 924 520 995 rebus,
542 923 630 985 unde
652 923 848 987 excellentes
871 927 926 986 viri
949 927 1090 987 maxime
1113 924 1332 1000 dinoscuntur,
1354 943 1524 1005 nunquam
1540 941 1669 1005 operam

192 1026 457 1105 ⁵impenderunt.
496 1026 571 1090 Non
594 1029 679 1090 enim
702 1029 841 1090 consiliis
863 1028 1000 1108 publicis
1022 1031 1241 1102 interfuerunt,
1272 1043 1329 1092 aut
1357 1034 1389 1093 in
1412 1028 1669 1092 administrandis

220 1132 391 1209 provinciis
412 1140 469 1192 aut
491 1135 633 1192 exercitu
657 1131 821 1194 ductando
844 1146 898 1195 aut
922 1137 1045 1195 caussis
1066 1134 1201 1217 agendis
1215 1146 1270 1197 aut
1285 1134 1464 1196 medicinae
1478 1132 1669 1196 factitandae

218 1234 290 1314 (sic)
312 1248 368 1297 aut
391 1238 457 1294 iure
479 1233 621 1297 dicundo
649 1249 705 1297 aut
734 1239 897 1317 responsis
918 1237 1141 1300 consultorum
1170 1251 1227 1300 aut
1252 1237 1432 1300 scribendis
1454 1239 1598 1300 historiis
1619 1246 1670 1298 aut

218 1339 423 1416 poematibus
444 1339 690 1418 componendis,
720 1360 805 1420 quae
826 1359 1028 1423 magnopere
1049 1354 1209 1423 occupant
1239 1342 1387 1404 homines
1409 1350 1442 1402 et
1464 1338 1670 1422 patefaciunt.

217 1440 327 1520 Quare
348 1445 411 1503 iam
435 1445 604 1522 proposito
634 1455 666 1505 et
696 1445 863 1506 voluntate
894 1463 967 1506 mea
996 1448 1133 1528 cognitis
1164 1447 1241 1507 boni
1269 1445 1410 1507 consule
1455 1442 1588 1506 Placere
1617 1444 1672 1504 tibi

179 1555 206 1595 ¹⁰
218 1545 362 1607 indolem
386 1559 417 1608 et
441 1546 637 1608 docilitatem
661 1551 724 1609 mei
745 1546 880 1628 Joannis
902 1547 1037 1610 libenter
1053 1549 1152 1611 audio
1166 1552 1306 1628 cupiens,
1329 1561 1365 1611 ut
1383 1560 1417 1611 te
1430 1547 1517 1610 duce
1532 1550 1565 1609 in
1582 1549 1673 1609 bonis

217 1650 331 1713 studiis
360 1651 403 1712 ita
432 1650 588 1730 proficiat,
624 1669 691 1731 quo
722 1652 779 1713 tibi
811 1650 988 1731 aliquando
1017 1672 1081 1735 ego
1109 1666 1141 1716 et
1172 1657 1242 1734 ipse
1268 1653 1387 1716 debitis
1412 1654 1566 1734 praemiis
1592 1654 1675 1713 iuste

217 1757 378 1833 possimus
399 1752 576 1836 gratificari.
618 1755 800 1817 Providebo
822 1758 851 1816 ei
874 1770 906 1818 et
929 1755 971 1817 de
994 1757 1090 1831 libris,
1119 1761 1188 1820 sine
1218 1761 1337 1839 quibus
1358 1776 1433 1819 eum
1456 1776 1566 1838 neque
1589 1756 1675 1818 bene

216 1870 248 1919 et
278 1858 456 1920 commode
487 1858 608 1920 discere
638 1879 745 1940 neque
775 1858 868 1922 valde
898 1859 1054 1939 prolicere
1081 1861 1261 1924 indubitato
1287 1865 1363 1924 scio.
1406 1858 1474 1923 Sed
1498 1861 1563 1922 boc
1586 1862 1678 1940 prius

217 1960 282 2023 lieri
305 1966 518 2042 nonpoterit,
541 1966 599 2025 nisi
622 1964 774 2027 absoluto
797 1965 909 2027 labore
932 1968 1015 2027 circa
1038 1983 1199 2028 messores
1225 1985 1311 2028 nunc
1337 1966 1528 2027 imminente
1551 1975 1584 2026 et
1607 1962 1676 2025 col·

179 2077 204 2117 ¹⁵
218 2066 307 2128 lectis
328 2087 366 2128 ac
389 2068 561 2130 reconditis
576 2072 607 2130 in
623 2071 738 2131 horreo
753 2069 927 2130 frumentis.
951 2069 1033 2130 Vale
1048 2082 1080 2131 et
1095 2089 1156 2147 me,
1179 2082 1213 2132 ut
1236 2070 1332 2143 soles,
1354 2087 1430 2131 ama
1446 2069 1683 2150 magistrisque

216 2170 413 2232 honorandis
434 2172 632 2234 commenda
653 2173 824 2236 salutando
847 2191 906 2236 eos
928 2175 1082 2252 imprimis
1104 2178 1236 2236 nomine
1257 2193 1341 2236 meo.
1365 2171 1416 2233 Ex
1432 2171 1610 2234 Kostelecz
1633 2169 1680 2232 ad

213 2274 324 2336 Albim
347 2271 478 2336 fluvium
501 2276 603 2353 pridie
625 2274 786 2339 Calendas
805 2277 877 2359 Julii
900 2295 987 2338 anno
1010 2274 1128 2339 Christi
1151 2275 1186 2338 lll
1202 2274 1233 2336 D
1247 2277 1318 2339 Vll.

911 2573 967 2635 Xl.

409 2709 574 2784 Vaclav
601 2710 785 2807 Pisecky
807 2711 918 2805 Janu
945 2710 1070 2785 laraii
1097 2734 1125 2784 u
1152 2732 1215 2785 sv.
1238 2709 1467 2805 Jindiicha.

295 2898 437 2952 VPraze
457 2898 543 2952 ¹500
565 2929 594 2937 -
616 2897 648 2952 2.
668 2900 778 2953 dubnn.
810 2899 902 2953 Postu
926 2901 1021 2953 darem
1040 2899 1105 2969 listy
1127 2917 1167 2952 sv.
1184 2898 1342 2968 Jeronyma,
1366 2897 1422 2968 aby
1438 2897 1522 2951 taltto
1541 2897 1678 2950 osveddil

212 3001 259 3037 mu
277 2985 414 3038 vdednost
431 3001 465 3038 za
483 2986 559 3040 stari
577 2985 586 3039 i
605 2987 677 3040 novi
696 2987 852 3053 dobrodinl,
869 2987 997 3054 zejmkna
1014 3003 1048 3040 za
1059 2987 1192 3056 ptispeni,
1207 2986 1290 3055 jehoi
1303 3004 1336 3040 se
1353 3003 1401 3039 mu
1419 2985 1457 3038 od
1469 2984 1541 3054 Jana
1558 2985 1682 3039 dostalo

209 3072 317 3140 naproti
337 3072 416 3126 lmezi
436 3072 575 3135 Koralovi,
593 3090 611 3126 a
629 3074 726 3141 slibuje
746 3075 815 3143 lepti
834 3075 910 3144 dary,
928 3075 961 3128 al
980 3091 996 3128 z
1015 3075 1092 3128 ltalie
1111 3092 1142 3129 se
1161 3074 1241 3128 vritl.
1269 3073 1353 3143 (List
1372 3073 1431 3142 rkp.
1449 3072 1500 3126 dis.
1521 3072 1581 3140 Vl.)

295 3248 340 3312 M.
365 3248 557 3313 Vinceslaus
580 3250 736 3311 Piscensis
757 3270 818 3312 suo
837 3251 976 3332 Johanni
1001 3253 1142 3331 plebano
1164 3251 1206 3313 ad
1221 3252 1333 3315 divum
1349 3249 1530 3312 Henricum
1547 3271 1572 3312 s.
1590 3269 1621 3330 p.
1640 3250 1674 3311 d.

210 3351 303 3415 Mitto
326 3354 392 3426 tibi,
415 3355 605 3415 venerabilis
628 3353 776 3432 plebane,
800 3355 915 3415 librum
939 3356 1002 3416 divi
1028 3355 1228 3434 Hieronymi,
1251 3356 1342 3416 cuius
1364 3368 1398 3415 te
1419 3372 1492 3416 esse
1508 3353 1669 3433 cupidum

170 3463 315 3518 ³⁰rector
337 3461 494 3540 gymnasii
518 3461 611 3520 vestri
634 3459 741 3519 aiebat
765 3458 968 3531 confirmans,
999 3458 1088 3538 quod
1117 3477 1179 3538 pro
1201 3457 1319 3519 eodem
1343 3460 1585 3535 manupretium
1609 3457 1668 3519 ad·

207 3580 375 3623 numerare
397 3572 430 3622 et
453 3563 529 3623 velis
552 3576 584 3624 et
607 3565 649 3623 sis
672 3573 810 3640 paratus.
845 3561 915 3644 Ego
939 3582 1015 3622 vero
1038 3564 1104 3638 tibi,
1132 3562 1324 3623 venerabilis
1353 3560 1487 3622 domine
1518 3561 1667 3640 plebane,

205 3669 282 3727 istas
304 3665 369 3727 divi
394 3665 584 3744 Hieronymi
607 3666 768 3747 epistolas,
791 3679 825 3728 ut
848 3685 962 3748 graves
978 3669 1020 3728 ita
1035 3666 1187 3739 eruditas,
1211 3679 1246 3728 ut
1261 3665 1404 3727 eruditas
1419 3666 1462 3725 ita
1478 3665 1666 3746 eleganteis,

206 3782 240 3831 ut
263 3770 435 3852 eleganteis
465 3772 509 3830 ita
539 3783 569 3831 et
601 3773 704 3832 varias
732 3785 764 3832 et
795 3769 960 3843 iucundas,
991 3771 1125 3832 libenter
1154 3769 1318 3842 condono,
1347 3767 1482 3831 simulac
1505 3780 1594 3847 peto,
1625 3788 1666 3830 ne

205 3874 352 3935 vultuose
374 3885 501 3935 tantum
523 3877 669 3954 accipias.
692 3874 829 3936 Parvum
845 3874 991 3954 prolecto
1008 3894 1135 3949 munus,
1157 3872 1216 3935 sed
1232 3873 1322 3935 hilari
1337 3892 1376 3935 ac
1391 3885 1541 3952 porrecta
1559 3873 1666 3933 fronte

168 3978 363 4051 ³⁶'’oblatum,
393 3991 488 4040 tenue
511 3979 643 4052 donum,
672 3978 730 4041 sed
760 3981 842 4060 grati
864 3981 960 4040 animi
984 3981 1214 4040 testimonium,
1259 3975 1328 4038 Nec
1350 3979 1435 4037 enim
1467 3979 1530 4038 tuis
1552 3979 1587 4038 in
1611 3995 1666 4037 me

207 4082 328 4144 collatis
352 4082 514 4144 beneficiis
528 4101 612 4162 equa
629 4080 700 4164 (sic)
718 4083 915 4163 respondere
940 4083 1041 4156 valeo,
1063 4083 1125 4143 hoc
1150 4083 1337 4162 praesertim
1355 4099 1497 4153 munere,
1520 4080 1580 4141 sed
1604 4099 1665 4141 nec

207 4188 266 4246 ista
289 4197 481 4264 tempestate
503 4206 556 4247 me
580 4205 676 4265 posse
698 4190 775 4249 satis
797 4187 937 4249 confido.
982 4184 1071 4265 Quot
1103 4189 1188 4248 euim
1219 4198 1294 4247 sunt
1316 4186 1410 4246 amici
1432 4184 1548 4260 officia,
1577 4202 1666 4264 quae

206 4303 241 4351 tu
264 4292 295 4351 in
317 4308 370 4351 me
392 4289 554 4353 contulisti
578 4310 652 4353 cum
676 4304 771 4353 antea
794 4304 862 4351 tum
883 4310 958 4352 vero
975 4291 1061 4352 hisce
1077 4290 1294 4369 temporibus!
1317 4286 1369 4350 Tu
1393 4306 1446 4349 me
1468 4286 1666 4349 scholastico

206 4393 370 4456 addictum
394 4394 494 4456 labori
518 4395 715 4457 humanitate
738 4395 928 4474 complexus
950 4415 994 4471 es,
1017 4394 1165 4456 facilitate
1188 4394 1345 4465 deliniisti,
1376 4411 1487 4454 amore
1510 4410 1548 4453 ac
1572 4393 1665 4453 beni·

166 4497 344 4559 aurolentia
367 4510 584 4578 prosequutus
606 4518 641 4559 es
686 4497 738 4560 Tu
761 4500 792 4560 in
816 4500 953 4580 collegio
977 4499 1150 4581 degentem
1180 4512 1211 4560 et
1242 4519 1262 4559 a
1293 4499 1495 4559 conviventia
1517 4506 1573 4558 tua
1598 4498 1665 4558 iam

204 4614 387 4680 separatum
412 4612 446 4663 ut
470 4603 578 4663 lavore
595 4605 636 4663 ita
660 4616 692 4664 et
714 4604 903 4664 liberalitate
919 4603 1097 4675 cumulasti,
1121 4604 1234 4678 fovisti,
1257 4605 1313 4664 tibi
1337 4601 1516 4662 devinxisti.
1539 4599 1593 4661 Tu
1610 4619 1666 4662 me

204 4704 248 4766 ad
271 4705 521 4784 splendidiorem
552 4711 596 4768 rei
628 4709 795 4769 litterariae
819 4706 962 4769 militiam
985 4710 1180 4786 aspirantem
1204 4720 1236 4768 et
1259 4709 1382 4768 animas
1413 4715 1445 4766 et
1472 4705 1665 4768 cohortaris.

205 4808 255 4870 Tu
278 4809 320 4870 ad
343 4810 544 4871 sacerdotem
565 4810 732 4891 Joannem,
754 4813 804 4873 cui
828 4824 1047 4890 cognomento
1070 4823 1117 4873 est
1138 4810 1249 4872 Koral.
1273 4828 1405 4871 causam
1429 4827 1535 4869 meam
1544 4810 1568 4886 ¹)
1594 4821 1664 4870 tam

204 4914 333 4975 assidue
355 4934 454 4994 quam
478 4914 611 4976 fideliter
634 4918 741 4995 egisti;
765 4935 951 4995 quanquam
976 4915 1075 4990 ibisne
1099 4914 1210 4981 Densi,
1240 4935 1324 4993 quae
1347 4915 1486 4976 bominis
1510 4925 1557 4974 est
1582 4933 1664 4974 con·

165 5016 294 5091 aditio,
324 5038 390 5079 non
413 5021 489 5079 satis
512 5021 587 5091 scie,
617 5039 672 5079 cur
703 5037 755 5078 me
785 5023 880 5080 toties
904 5020 1022 5086 luserit,
1053 5021 1148 5080 toties
1179 5019 1277 5079 verba
1299 5016 1430 5092 dederit,
1460 5028 1491 5077 et
1515 5035 1584 5078 non
1610 5038 1665 5079 me

295 5226 299 5247 ²
333 5224 464 5291 l‘odstaty
484 5241 565 5290 sporu
585 5224 617 5275 l'.
638 5224 792 5275 Piseckibo
817 5225 964 5276 slenezem
991 5224 1120 5275 liurdlem
1147 5224 1291 5283 nezmime‚
1316 5223 1359 5272 ale
1384 5220 1494 5272 uklizen
1515 5222 1561 5290 byl
1583 5222 1665 5293 brzy,

200 5310 246 5374 jak
265 5310 360 5360 sveddl
378 5311 515 5376 platelskzi
535 5312 645 5363 zminlea
665 5329 681 5362 0
700 5310 828 5363 lx'ordlovi
849 5329 865 5361 ι·
885 5311 945 5362 listt
967 5310 1167 5377 ruisledujieim.
