3674 5858
620 403 673 474 Jan
692 390 805 459 Sicchta
826 402 907 457 lmezi
926 400 1077 470 Ondtejovi
1098 400 1172 457 1521.
1589 402 1625 457 89

174 613 216 677 ad
245 634 305 677 eos
334 614 496 696 pertinere
525 615 661 693 videtur,
690 615 877 680 dummodo
907 617 968 698 ipsi
999 616 1172 681 utilitatem
1195 627 1228 680 et
1251 616 1393 682 fructum
1417 616 1546 680 illarum
1570 638 1623 680 ca·

172 720 271 799 piant.
294 717 416 801 Sicque
424 722 448 802 ¹)
471 722 623 784 avaritiae
646 731 679 784 et
700 722 906 785 cumulandis
928 723 1073 802 pecuniis
1095 722 1212 786 sedulo
1235 723 1368 785 student
1391 743 1457 786 non
1474 743 1570 787 secus
1585 744 1624 787 ac

172 824 322 887 homines
343 825 508 889 seculares
530 827 651 889 liberos
666 836 698 889 et
713 827 869 909 coniuges
892 829 1059 899 habentes,
1082 827 1203 908 quibus
1226 826 1269 888 de
1291 828 1375 889 vitae
1397 827 1526 890 futurae
1548 830 1626 891 sub·

172 929 263 991 sidiis
285 928 459 1010 providere
473 939 635 993 tenentur.
657 929 724 995 Sed
748 931 791 993 ad
806 933 888 995 istos
904 932 946 994 de
961 932 1082 995 talibus
1098 933 1204 1007 rebus,
1228 950 1369 1011 quarum
1384 954 1458 995 sors
1474 929 1624 996 Christus

171 1053 244 1102 esse
268 1034 377 1104 debet.
399 1033 477 1097 nihil
498 1035 612 1098 attinet
658 1033 860 1099 Coacervant
883 1036 1092 1099 nihilominus
1114 1046 1147 1099 et
1170 1047 1352 1118 congerunt
1375 1037 1519 1099 caducas
1542 1057 1625 1116 opes
1650 1054 1664 1092 ὁ

171 1139 318 1220 undique
340 1148 434 1202 tanto
457 1139 568 1202 studio
584 1150 616 1203 et
632 1149 720 1202 tanta
736 1159 824 1217 cura,
845 1149 1002 1222 tanquam
1026 1152 1135 1205 essent
1160 1152 1322 1222 perpetuo
1339 1142 1461 1218 victuri,
1485 1143 1625 1205 scientes

171 1266 207 1307 se
237 1246 389 1309 homines
417 1246 580 1308 vanissimi
611 1247 721 1307 omnia
751 1245 833 1308 haec
864 1246 954 1307 brevi
985 1247 1095 1309 nescio
1127 1249 1180 1309 cui
1204 1247 1383 1323 relicturos,
1416 1267 1519 1328 quum
1542 1267 1623 1326 apo-

172 1349 278 1412 stolus
300 1348 404 1413 dicat:
427 1350 586 1413 habentes
607 1350 729 1412 victum
752 1359 784 1411 et
807 1349 1035 1411 indumentum
1053 1350 1102 1412 his
1118 1352 1263 1414 contenti
1286 1352 1396 1413 simus.
1421 1349 1539 1432 Neque
1562 1370 1624 1413 nos

173 1454 337 1518 Dominus
359 1464 392 1517 et
414 1452 572 1517 Servator
595 1463 708 1517 noster
731 1453 774 1516 de
797 1454 939 1517 crastino
962 1452 1119 1517 sollicitos
1143 1473 1216 1518 esse
1239 1454 1316 1531 vuit,
1340 1455 1398 1517 sed
1422 1464 1498 1518 ante
1515 1457 1624 1518 omnia

172 1560 400 1642 quaerendum
423 1579 559 1643 regnum
583 1559 644 1621 Dei
667 1568 700 1620 et
716 1559 869 1621 iustitiam
893 1559 972 1636 eius,
995 1579 1036 1621 eo
1053 1559 1144 1640 quod
1168 1560 1265 1622 nobis
1288 1570 1398 1622 cetera
1422 1562 1531 1624 omnia
1554 1561 1665 1623 adi-10

171 1667 305 1743 cientur,
320 1665 576 1747 exemplumque
592 1685 653 1727 nos
668 1684 798 1727 sumere
813 1665 913 1727 docet
928 1685 947 1725 a
962 1664 1153 1727 volucribus
1169 1664 1259 1741 caeli,
1283 1684 1367 1744 quae
1383 1685 1490 1746 neque
1513 1674 1626 1728 serunt

172 1790 279 1852 neque
303 1779 430 1833 metunt
452 1789 559 1851 neque
589 1770 687 1831 etiam
714 1778 800 1845 nent,
829 1777 863 1831 et
884 1779 995 1831 tamen
1018 1768 1088 1832 illas
1111 1779 1204 1849 pater
1235 1769 1383 1832 caelestis
1406 1771 1476 1832 sine
1499 1768 1625 1831 illarum

171 1875 261 1937 omni
283 1894 364 1938 cura
393 1875 506 1954 pascit
543 1869 598 1935 Sic
621 1872 663 1935 de
686 1874 801 1937 vestitu
824 1873 984 1954 inspicere
1013 1893 1075 1936 nos
1098 1875 1189 1936 iubet
1211 1875 1401 1936 varietatem
1424 1883 1458 1936 et
1480 1874 1624 1954 pulchri·

170 1980 317 2042 tudinem
334 1978 454 2041 florum
476 1977 678 2041 diversarum
704 1977 889 2053 herbarum,
919 1980 1039 2060 quibus
1063 1978 1268 2057 providentia
1290 1979 1391 2058 ipsius
1413 1979 1548 2041 mirifice
1571 1999 1626 2040 or·

171 2094 267 2147 natae
289 2094 322 2146 et
348 2084 484 2147 vestitae
513 2092 597 2145 sunt.
643 2080 814 2145 Admonet
842 2102 904 2146 nos
935 2092 967 2145 et
989 2083 1163 2162 apostolus
1193 2084 1271 2163 ipse,
1302 2093 1337 2145 ut
1362 2083 1438 2145 nihil
1464 2083 1623 2145 habentes
1640 2093 1666 2135 ¹⁶

171 2189 281 2251 omnia
315 2187 555 2268 possideamus.
591 2184 659 2250 Sed
690 2197 803 2266 posset
838 2188 1000 2268 quispiam
1034 2186 1222 2267 apostolum
1253 2198 1409 2269 tanquam
1444 2186 1624 2268 pugnantia

170 2295 369 2356 scribentem
397 2277 650 2372 reprehendere,
681 2311 784 2372 quum
814 2291 879 2354 hoc
909 2291 1114 2371 impossibile
1145 2292 1303 2367 videatur,
1336 2301 1371 2353 ut
1402 2291 1518 2372 aliquis
1546 2289 1624 2353 nihil

171 2397 297 2460 habens
320 2397 430 2460 omnia
446 2395 623 2476 possideat.
647 2396 720 2478 Ego
743 2406 853 2458 autem
877 2396 962 2472 dico,
984 2397 1010 2459 si
1035 2396 1108 2477 quis
1132 2415 1201 2458 rem
1224 2394 1324 2475 paulo
1347 2397 1502 2458 attentius
1525 2396 1624 2474 inspi-

169 2521 246 2563 cere
268 2501 420 2578 voluerit‚
443 2500 534 2582 quod
558 2501 646 2563 Pauli
671 2500 795 2563 dictum
826 2501 1030 2563 verissimum
1058 2510 1247 2583 cognoscet,
1277 2519 1381 2580 quum
1404 2502 1430 2562 is
1454 2500 1626 2580 possidere

170 2606 281 2667 omnia
303 2604 442 2681 videtur,
465 2625 531 2667 non
548 2606 603 2686 qui
620 2605 774 2667 omnibus
796 2603 943 2667 abundet
959 2605 1040 2682 (sic),
1064 2604 1123 2666 sed
1140 2605 1192 2665 cui
1207 2602 1285 2665 nihil
1308 2602 1427 2667 deficit.
1452 2604 1556 2666 Porro
1581 2602 1624 2664 illi
1640 2614 1667 2654 ω

169 2709 246 2772 nihil
270 2709 389 2783 deficit,
412 2710 467 2790 qui
490 2709 566 2771 nihii
590 2709 803 2788 concupiscit,
827 2710 1066 2788 concupiscens
1088 2717 1199 2770 autem
1216 2707 1292 2769 nihii
1310 2708 1489 2771 contemnit
1505 2710 1626 2785 omnia,

170 2824 451 2895 contemnensque
475 2814 517 2877 ita
540 2812 572 2875 id
596 2814 789 2895 assequitur,
814 2814 903 2894 quod
929 2812 1102 2875 desiderat.
1127 2811 1300 2875 Desiderio
1316 2832 1394 2874 vero
1417 2832 1479 2874 suo
1503 2813 1563 2875 frui
1587 2833 1626 2876 ea

170 2917 305 2981 demum
321 2938 399 2981 vera
414 2928 446 2980 et
460 2918 530 2981 sola
551 2918 721 2981 beatitudo
738 2918 978 2998 beatorumque
994 2918 1140 2980 omnium
1165 2916 1335 2998 plenitudo
1352 2928 1410 2979 est.
1433 2914 1500 2979 Sed
1516 2919 1559 2979 ita
1575 2928 1624 2981 est

170 3022 269 3083 hodie
281 3022 396 3086 odiosa
409 3032 585 3102 paupertas
597 3042 664 3084 non
680 3021 788 3084 solum
797 3021 1000 3084 secularibus
1012 3022 1200 3084 hominibus
1212 3023 1270 3084 sed
1284 3023 1381 3084 etiam
1393 3022 1624 3085 sacerdotibus

169 3127 272 3188 immo
287 3136 319 3189 et
335 3126 505 3188 monachis
520 3126 588 3203 iliis,
612 3128 665 3207 qui
683 3146 755 3188 eam
772 3137 988 3204 spontaneam
1005 3125 1208 3206 profitentur,
1231 3145 1331 3206 quam
1347 3136 1455 3188 tamen
1471 3121 1621 3190 Christus
1634 3133 1662 3175 2³

169 3230 323 3293 dominus
346 3250 407 3292 ceu
431 3250 500 3293 rem
522 3230 718 3293 tutissimam
734 3240 766 3292 et
783 3230 959 3293 salutarem
983 3251 1048 3293 non
1072 3231 1180 3294 solum
1204 3231 1407 3312 sequendam
1431 3231 1545 3293 docuit
1561 3232 1620 3294 sed

168 3342 200 3395 et
217 3333 426 3413 amplexatus
442 3344 500 3408 est,
523 3333 599 3395 nihil
623 3333 747 3396 habens
771 3345 902 3414 praeter
925 3334 1161 3409 indumentum,
1184 3336 1249 3398 hoc
1272 3346 1321 3397 est
1344 3337 1487 3398 tunicam
1504 3344 1536 3397 et
1553 3334 1621 3414 pai-

168 3439 256 3501 iium.
272 3458 341 3519 quo
357 3457 450 3499 more
466 3439 703 3518 prophetarum
720 3440 855 3502 vestitus
873 3439 939 3501 luit.
956 3439 1023 3503 Sed
1040 3460 1147 3521 neque
1163 3439 1299 3503 domum
1317 3441 1494 3519 propriam,
1510 3440 1541 3501 in
1558 3459 1622 3520 qua

169 3544 339 3618 habitaret,
363 3543 515 3604 habuisse
539 3545 689 3606 inventus
711 3553 767 3605 est.
805 3544 890 3607 Nam
914 3564 1015 3624 quum
1040 3543 1174 3625 quidam
1197 3544 1240 3605 ab
1263 3545 1336 3623 ipso
1360 3553 1541 3623 quaereret,
1566 3544 1621 3604 ubi

170 3646 341 3723 habitaret,
358 3647 541 3726 respondit:
562 3646 707 3726 »Vulpes
720 3646 829 3708 foveas
844 3647 964 3709 habent
981 3657 1012 3708 et
1025 3668 1101 3709 avcs
1118 3646 1197 3709 caeli
1214 3647 1316 3721 nidos,
1333 3646 1417 3708 filius
1434 3658 1542 3708 autem
1561 3647 1621 3708 ho·
1634 3657 1661 3698 ³⁰

169 3750 263 3812 minis
278 3770 345 3813 non
369 3753 477 3827 habet,
500 3753 555 3814 ubi
578 3762 678 3830 caput
701 3772 797 3814 suum
822 3752 985 3814 reclinet«.
1010 3752 1114 3814 Vides
1130 3752 1336 3813 conditorem
1361 3750 1440 3812 caeli
1457 3761 1489 3812 et
1506 3761 1621 3827 terrae,

170 3854 255 3936 quali
270 3855 322 3917 via
334 3876 396 3936 pro
412 3866 524 3919 nostra
540 3856 604 3919 huc
620 3856 724 3917 salute
740 3856 944 3919 descendens
959 3857 1001 3918 ad
1018 3874 1158 3935 superna
1175 3875 1273 3937 regna
1289 3854 1508 3936 gradiebatur,
1525 3854 1621 3934 piena

169 3959 320 4020 laborum
345 3967 376 4020 et
399 3959 538 4035 sudoris,
561 3961 593 4022 in
616 3981 680 4042 qua
703 3971 813 4022 tamen
838 3961 981 4039 reposita
1004 3969 1075 4021 erat
1098 3961 1203 4022 omnis
1227 3960 1397 4039 plenitudo
1420 3959 1564 4020 thesauri
1588 3969 1620 4021 et

168 4062 359 4125 divitiarum.
399 4063 472 4125 Hac
498 4073 608 4125 autem
640 4063 810 4144 apostolos
833 4073 865 4125 et
888 4063 969 4125 aiios
992 4083 1115 4139 omnes,
1146 4065 1200 4145 qui
1224 4084 1299 4125 eum
1323 4064 1416 4144 sequi
1439 4062 1621 4138 voluerunt,

169 4168 305 4229 transire
329 4168 505 4247 praecepit.
530 4164 597 4231 Sed
622 4168 703 4229 dura
727 4167 855 4230 videtur
879 4169 1012 4231 nimium
1029 4179 1061 4229 et
1077 4188 1193 4248 aspera
1215 4176 1282 4229 tam
1300 4167 1503 4229 secularibus
1521 4187 1619 4248 quam
1633 4179 1661 4219 ³5

167 4271 404 4347 ecclesiasticis,
437 4271 513 4333 ideo
553 4271 736 4351 voluptates
771 4280 803 4332 et
838 4270 970 4333 delicias
1005 4272 1100 4334 huius
1135 4272 1246 4333 mundi
1279 4272 1398 4352 eligere
1434 4271 1620 4332 maluerunt

168 4375 287 4455 opibus
318 4382 351 4435 et
374 4374 490 4435 divitiis
521 4376 712 4437 incubantes
743 4375 879 4456 illasque
911 4386 1125 4456 congerentes
1156 4387 1188 4437 et
1220 4376 1402 4438 honoribus
1426 4376 1619 4457 dignitatum

168 4478 358 4559 gaudentes,
392 4476 598 4557 voluptatum
633 4498 869 4558 corporearum
905 4477 1078 4540 dulcedine
1113 4478 1307 4554 diffluentes,
1342 4479 1620 4553 fornicationibus,

167 4581 344 4658 adulteriis,
375 4583 496 4661 stupris
529 4603 589 4644 ceu
613 4603 689 4645 sues
712 4582 886 4645 volutabro
918 4584 1012 4644 coeni
1037 4584 1187 4658 immersi,
1219 4584 1366 4645 omniurn
1396 4583 1620 4645 conviviorum

167 4696 201 4748 et
231 4687 511 4749 comessationum
535 4688 686 4748 asseclae.
725 4686 822 4766 Quali
845 4688 896 4748 via
919 4686 1109 4749 incedentes
1132 4686 1257 4748 ducunt
1281 4697 1356 4765 post
1380 4707 1415 4748 se
1439 4687 1618 4766 simplicem
1633 4699 1660 4740 ⁴0

168 4788 385 4869 plebeculam.
424 4790 509 4853 Nam
533 4791 689 4872 quicquid
713 4790 822 4851 vident
852 4810 949 4872 agere
973 4791 1074 4853 duces
1098 4800 1129 4852 et
1154 4800 1304 4869 pastores
1327 4810 1413 4866 suos,
1447 4800 1561 4869 putant
1585 4811 1620 4850 se

167 4913 227 4955 eos
258 4895 289 4955 in
320 4894 369 4956 his
399 4895 469 4956 iure
500 4896 646 4975 quodam
677 4896 791 4958 debito
823 4895 944 4956 debere
973 4896 1064 4976 sequi
1095 4905 1134 4971 et,
1165 4896 1191 4957 si
1225 4895 1304 4957 haec
1336 4895 1421 4956 maia
1445 4906 1477 4956 et
1501 4895 1617 4955 vitiosa

168 5006 286 5071 essent,
310 5017 477 5078 nunquam
493 4997 546 5059 ilia
562 4999 753 5061 sacerdotes
777 5008 971 5076 patraturos,
996 5012 1027 5060 et
1044 5000 1086 5060 ita
1103 5000 1192 5060 caeci
1216 5018 1333 5060 caecos
1357 4999 1516 5060 ducentes
1540 4999 1618 5059 utri·

168 5121 234 5181 que
258 5102 289 5163 in
312 5102 498 5181 voraginem
523 5102 666 5163 barathri
691 5102 821 5165 cadunt.
859 5100 926 5163 Sed
950 5102 1036 5164 dicet
1059 5101 1190 5183 aliquis:
1227 5101 1354 5184 Vulgus
1377 5103 1437 5164 ista
1463 5104 1620 5164 rusticum

170 5256 305 5264 -.-—-——
314 5258 330 5263 .-

260 5323 277 5388 1)
296 5322 420 5389 Optava:
440 5322 513 5374 hinc.
