3674 5858
208 384 241 436 16
562 386 614 454 Jan
633 370 746 438 Siochta
763 384 909 439 Erasmovi
931 385 1199 439 Roterodamslremu
1220 384 1298 438 1519.

210 598 332 660 Verum
367 617 409 658 ex
438 597 488 659 his
517 598 617 670 lactis,
650 615 733 677 quae
763 597 881 660 cotidie
910 596 1012 659 multa
1041 597 1220 679 designant,
1250 598 1397 659 conicere
1426 597 1508 674 licet,
1540 607 1667 678 quauta

206 701 347 782 Erinnys
369 704 505 765 istorum
528 711 641 781 pectus
665 703 845 781 occupavit.
868 700 941 783 Ego
965 703 1068 784 magis
1085 698 1141 783 (ita
1158 719 1210 762 me
1225 698 1371 763 Christus
1394 697 1494 782 amet)
1517 704 1664 780 ipsorum

207 807 308 867 vicem
338 804 436 868 doleo
467 825 565 886 quam
596 824 711 867 meam.
756 804 842 868 Nam
875 807 1026 868 mesatis
1049 804 1235 868 consolatur
1266 813 1335 867 tum
1367 806 1443 867 recti
1465 807 1666 868 conscientia

208 920 277 972 tum
299 909 411 987 optimi
435 911 589 989 cuiusque
613 909 654 971 de
677 928 729 970 me
752 908 913 986 iudicium,
943 908 1076 989 quando
1099 910 1217 971 nemini
1242 908 1425 971 mortalium
1455 909 1563 971 adhuc
1585 927 1666 972 con·

181 1015 276 1095 augit
299 1013 449 1075 omnibus
472 1013 641 1094 placuisse.
666 1012 785 1076 Prodiit
810 1012 938 1074 Novum
967 1011 1215 1076 Testamentum
1238 1033 1363 1075 rursum
1386 1033 1406 1075 a
1429 1032 1481 1075 me
1504 1032 1570 1075 uon
1595 1033 1665 1075 cre-

207 1116 322 1180 dendis
352 1117 463 1198 vigiliis
492 1129 656 1193 novatum,
687 1135 793 1197 neque
823 1117 975 1179 mediocri
998 1116 1231 1198 locupletatum
1262 1120 1454 1180 accessione.
1478 1117 1665 1180 Praefixum

207 1232 254 1283 est
279 1221 460 1300 epistolium
483 1220 602 1283 Leonis
626 1221 750 1296 decimi,
774 1240 840 1302 quo
863 1232 894 1283 et
918 1232 1059 1284 veterem
1083 1222 1258 1284 editionem
1281 1223 1442 1303 approbat
1466 1234 1499 1285 et
1520 1223 1562 1284 ad
1579 1222 1666 1284 hanc

207 1345 323 1388 novam
347 1327 461 1388 invitat
502 1327 624 1409 Pragae
647 1326 724 1406 quid
749 1325 824 1387 mihi
847 1327 966 1408 negotii
994 1328 1094 1408 possit
1116 1345 1198 1402 esse,
1221 1345 1287 1390 non
1316 1328 1422 1390 video.
1463 1327 1548 1391 Nam
1571 1327 1665 1408 quod

210 1430 370 1510 polliceris
393 1450 458 1492 non
481 1429 600 1504 defore,
623 1432 677 1510 qui
701 1449 753 1492 me
776 1442 856 1505 tuto,
887 1450 953 1512 quo
976 1430 1119 1507 voluero,
1141 1429 1312 1506 deducant,
1343 1430 1421 1493 mihi
1443 1449 1509 1494 nou
1533 1430 1665 1509 placent

169 1559 196 1602 ro
211 1538 368 1618 regiones,
390 1538 422 1597 in
444 1535 561 1615 quibus
583 1533 768 1596 huiusmodi
791 1534 1022 1597 deductoribus
1049 1537 1089 1597 sit
1111 1553 1203 1615 opus.
1228 1534 1291 1597 Hic
1314 1534 1363 1596 vel
1386 1535 1445 1598 soli
1460 1534 1598 1598 liberum
1614 1545 1666 1596 est

207 1644 262 1716 ire,
293 1659 359 1721 quo
389 1639 491 1701 velim.
537 1637 651 1719 Neque
680 1658 757 1700 vero
784 1639 907 1715 dubito,
939 1640 1015 1719 quin
1045 1638 1138 1701 isthic
1167 1649 1351 1719 reperturus
1373 1641 1443 1715 sim,
1474 1640 1517 1701 uti
1540 1640 1665 1715 scribis,

207 1745 391 1824 complures
422 1743 567 1807 doctrina
597 1745 781 1824 pietateque
811 1754 985 1823 spectatos,
1016 1762 1100 1823 quos
1122 1743 1398 1806 schismaticorum
1420 1744 1495 1805 vitia
1527 1763 1593 1805 non
1617 1745 1665 1805 in·

209 1851 361 1930 quinam:
385 1858 417 1908 at
440 1847 580 1909 demiror
602 1865 667 1908 non
691 1850 839 1922 existere,
870 1851 925 1930 qui
948 1859 1054 1910 totum
1077 1846 1139 1910 hoc
1161 1847 1328 1910 dissidium
1355 1847 1478 1909 tollant.
1516 1846 1664 1909 Praestat

208 1956 415 2034 iniquioribus
438 1951 676 2042 conditionibus
699 1951 818 2014 habere
841 1953 1045 2015 concordiam
1070 1971 1169 2033 quam
1191 1955 1302 2033 aequis
1325 1951 1503 2015 dissidium.
1534 1951 1662 2014 Vereor

171 2078 196 2120 ro
210 2058 370 2140 equidem,
403 2074 444 2117 ne
473 2056 628 2137 pecuniae
657 2056 809 2130 studium,
837 2057 957 2137 ubique
988 2056 1150 2119 bonorum
1179 2075 1308 2119 morum
1343 2058 1451 2136 pestis,
1483 2074 1549 2118 non
1579 2057 1665 2118 sinat

208 2168 293 2228 coire
316 2161 538 2246 concordiam.
569 2158 687 2223 Paulus
709 2158 830 2222 nullum
854 2161 1009 2224 damnum
1033 2171 1165 2234 recusat,
1196 2180 1263 2242 quo
1287 2158 1448 2224 Christum
1481 2160 1664 2223 lucrifaciat.

207 2268 272 2332 Tot
295 2277 370 2331 sunt
392 2268 424 2329 in
448 2266 528 2328 orbe
550 2263 735 2338 cardinales,
758 2275 806 2328 tot
822 2267 974 2346 episcopi,
996 2276 1044 2328 tot
1066 2267 1240 2346 principes:
1264 2267 1386 2327 utinam
1410 2262 1557 2328 Christus
1572 2263 1666 2326 afflet

207 2375 346 2454 aliquem
368 2372 493 2446 horum,
515 2369 557 2431 ad
573 2370 636 2432 boc
652 2371 818 2452 negotium
841 2371 953 2448 spiritu
969 2388 1042 2431 vere
1065 2367 1244 2434 Christiano
1267 2369 1513 2450 capessendum.
1545 2367 1665 2431 Paulus

208 2482 233 2541 si
256 2477 382 2539 Romae
413 2475 617 2554 praesideret,
646 2486 695 2539 sat
718 2477 794 2549 scio,
824 2494 890 2538 non
915 2474 1015 2537 modo
1047 2484 1211 2554 pateretur
1234 2472 1355 2555 aliquid
1379 2473 1483 2537 decidi
1505 2474 1665 2537 fructibus

168 2583 283 2657 ansuis,
312 2600 424 2643 verum
451 2582 550 2642 etiam
578 2583 741 2643 autoritati
770 2599 836 2641 non
863 2578 937 2641 nihil
968 2578 1116 2662 derogari
1148 2591 1318 2659 pateretur,
1347 2578 1448 2642 modo
1472 2579 1535 2641 hoc
1560 2581 1665 2658 pretio

208 2685 415 2749 concordiam
442 2703 549 2748 emere
578 2685 695 2747 liceret.
740 2683 866 2765 Quodsi
895 2702 962 2746 non
990 2685 1153 2765 continget
1184 2684 1281 2745 uobis
1303 2693 1499 2763 conspectus
1522 2694 1664 2757 mutuus,

208 2802 318 2854 tamen
340 2790 500 2853 literarum
515 2790 733 2853 vicissitudine
748 2789 810 2864 fiet,
833 2801 868 2851 ut
884 2800 917 2850 et
933 2807 995 2870 ego
1011 2798 1118 2850 tecum
1141 2787 1312 2867 aliquoties
1334 2786 1546 2850 confabulans
1574 2788 1664 2866 apud

209 2895 321 2958 Albim
351 2905 441 2957 tuum
473 2895 599 2973 spatier,
629 2905 661 2957 et
690 2902 725 2956 tu
756 2913 883 2956 mecum
911 2891 1000 2973 apud
1023 2891 1205 2954 Brabantos
1228 2893 1360 2953 victites.
1399 2890 1483 2954 Nam
1507 2892 1665 2971 quantula

209 3019 282 3079 pars
311 2999 468 3062 amicitiae
492 3010 540 3062 est
570 3001 752 3061 coniunctio
782 2997 973 3077 corporum?
1004 2996 1091 3058 Bene
1114 2994 1192 3070 vale,
1220 2998 1264 3056 vir
1287 2998 1497 3058 ornatissime.
1520 2995 1665 3071 Lovanii‚

170 3115 297 3166 wanno
319 3124 338 3166 a
361 3101 487 3167 Christo
511 3114 588 3166 nato
614 3101 695 3167 1519
718 3121 807 3165 nono
830 3100 898 3166 Cal.
922 3101 1032 3165 Maias.

868 3413 1004 3475 XXVll.

438 3571 518 3666 Jan
548 3547 719 3644 Slechta
747 3568 974 3644 Erasmovi
1003 3567 1426 3644 Roterodamskemu.

296 3777 320 3829 V
341 3777 478 3832 Koslelcl
499 3777 648 3832 Labaltem
663 3776 743 3837 ,1619
762 3805 794 3814 -
814 3775 862 3829 10.
883 3773 963 3843 illua.
983 3775 1063 3845 Pieje
1082 3793 1129 3829 mu
1143 3775 1265 3843 hojnebo
1279 3775 1373 3828 zdravi
1390 3792 1407 3828 n
1426 3776 1568 3829 dtouheho
1581 3777 1668 3842 velut,

210 3864 218 3916 i
238 3862 331 3917 nedivl
350 3881 380 3916 se
400 3863 546 3930 amavisti,
571 3863 609 3932 jll
628 3864 721 3917 mnozl
740 3863 892 3924 duchovnl,
915 3863 1020 3916 avidite
1041 3861 1132 3926 mulsi,
1158 3865 1275 3917 Erasmn
1292 3863 1488 3931 prontlsledujl,
1511 3881 1547 3916 an
1567 3863 1666 3932 polrry-

210 3949 295 4003 tectvl
311 3949 395 4018 jejich
414 3950 460 4003 talr
479 3951 612 4018 pilpadne
631 3950 751 4019 pokaral,
769 3950 859 4003 ackoli
880 3949 983 4003 nilroho
998 3949 1123 4018 jmenem
1138 3949 1321 4019 nejmenoval.
1340 3950 1423 4019 Spisy
1438 3950 1505 4020 jeho
1517 3967 1534 4002 v
1548 3950 1666 4018 Basileji

209 4036 349 4105 vytistene
369 4038 414 4090 ma
432 4036 532 4106 pisatel
551 4038 685 4106 viechny.
704 4038 773 4091 Dale
792 4035 876 4105 lituje,
895 4035 927 4089 ie
946 4039 1080 4090 Erasmus
1098 4038 1133 4090 do
1153 4038 1247 4106 Prahy
1261 4036 1375 4091 zavltati
1388 4037 1502 4102 nemini,
1514 4056 1531 4092 a
1544 4038 1666 4107 vylrlalda

210 4140 266 4186 mu,
290 4126 356 4193 proc
381 4125 525 4178 cestovAnl
548 4142 566 4176 v
584 4110 713 4177 Cechdcb
736 4124 782 4177 tait
807 4124 985 4194 nebezpedno
1006 4124 1070 4194 jest.
1106 4123 1275 4178 Domnenku
1299 4125 1455 4178 Erasmovu
1478 4142 1494 4179 o
1518 4125 1666 4193 pritinach

210 4211 296 4264 trualt
315 4211 442 4280 roztriky
461 4211 638 4265 ndboienske
663 4211 771 4265 uznavd
796 4212 936 4279 sprivnou
960 4210 968 4264 i
993 4211 1112 4280 vyliduje
1137 4229 1183 4264 mu
1208 4211 1340 4264 rozsllenl
1363 4228 1379 4264 a
1403 4212 1532 4279 podstatu
1550 4211 1586 4264 tl‘l
1605 4212 1665 4280 nej-

210 4298 365 4366 cernejslch
390 4305 465 4353 stran
492 4299 707 4369 naboienskych
731 4316 748 4351 v
774 4285 904 4352 Cecbrich
929 4316 945 4352 a
970 4315 1006 4352 na
1030 4299 1152 4362 Morare,
1180 4298 1312 4366 katolllrd,
1339 4298 1493 4352 utrakvistd
1518 4316 1535 4352 a
1562 4301 1666 4367 Bratti,

210 4386 354 4440 kterouito
382 4387 509 4455 poslednl
536 4395 631 4440 stranu
658 4388 708 4455 pry
735 4387 842 4439 snadno
865 4386 902 4456 by
929 4385 995 4455 bylo
1022 4385 1165 4455 vyhladiti,
1191 4385 1282 4456 kdyby
1309 4386 1388 4453 prvnl
1412 4386 1464 4440 (1νέ
1492 4403 1522 4439 se
1550 4387 1665 4456 shodly.

210 4473 330 4539 (Erasmi
349 4474 437 4543 Epist.
456 4474 539 4528 Basil.
559 4473 627 4526 1538
644 4481 691 4527 str.
710 4473 780 4540 462.)

295 4669 435 4750 Joannes
458 4666 603 4731 Sslechta
626 4668 829 4731 Kostelecius
852 4667 988 4729 Erasmo
1005 4667 1227 4730 Roterodamo
1250 4688 1274 4729 s.
1298 4686 1328 4746 p.
1351 4667 1383 4728 d.
1406 4665 1565 4729 Redditae
1588 4682 1665 4733 sunt

211 4775 286 4835 mihi
310 4774 419 4835 literae
441 4784 516 4835 tuae
538 4774 633 4835 tertio
656 4771 731 4836 Idus
746 4771 949 4852 Septembris
972 4782 1100 4853 praeter
1122 4791 1254 4834 omnem
1271 4791 1371 4851 spem,
1395 4791 1470 4834 nam
1486 4790 1561 4832 cum
1576 4791 1665 4835 anno

211 4879 367 4958 superiori
398 4877 502 4938 literas
533 4895 622 4938 meas
645 4896 703 4956 per
725 4875 880 4938 famulum
912 4876 1109 4956 bibliopolae
1132 4875 1304 4954 Lipsensis‚
1335 4877 1388 4955 qui
1418 4875 1539 4956 Pragae
1562 4874 1665 4940 libros

212 4985 386 5061 impressos
415 4980 634 5043 venundando
658 4982 732 5063 agit,
755 4980 797 5042 ad
821 4992 853 5044 te
876 4980 1040 5057 dederam,
1070 4979 1230 5061 pollicitus
1260 4990 1308 5042 est
1331 4980 1407 5040 mihi
1430 4980 1516 5041 bona
1539 4979 1604 5042 fide
1627 4980 1664 5042 li·

172 5099 296 5148 aoteras
326 5089 411 5164 ipsas
442 5086 484 5148 ad
507 5096 539 5146 te
562 5105 664 5166 usque
693 5103 748 5164 per
774 5093 899 5147 certum
931 5084 1141 5157 tabellarium,
1173 5082 1358 5164 ubicunque
1388 5084 1534 5147 locorum
1564 5104 1664 5160 esses,

214 5194 384 5253 missurum
415 5199 446 5251 et
469 5208 660 5269 responsum
688 5190 872 5253 allaturum:
904 5209 985 5268 quas
1015 5208 1089 5251 cum
1111 5189 1172 5250 sibi
1194 5200 1326 5268 accepta
1349 5188 1391 5250 ab
1415 5208 1455 5251 eo
1478 5187 1542 5250 fide
1565 5190 1662 5250 tradi·

213 5296 331 5358 dissem
356 5305 387 5357 et
410 5311 467 5371 per
490 5294 574 5356 hunc
597 5304 703 5357 totum
726 5313 845 5356 annum
870 5312 1061 5374 responsum
1091 5293 1150 5355 abs
1173 5304 1205 5356 te
1229 5293 1282 5355 diu
1305 5303 1512 5372 expectatum
1536 5293 1662 5356 nullum
