3674 5858
220 401 256 459 82
584 403 717 458 Erasmus
735 403 957 472 Roterodarnslry
978 405 1051 474 Janu
1070 389 1213 459 Slechtovi
1232 404 1308 459 1519.

219 629 255 666 na
272 613 355 676 vdhu,
373 613 416 665 ale
435 611 572 680 pohrdinl
591 609 739 665 svdtostmi
757 609 897 677 zavrhuje.
932 609 1048 677 Naproti
1066 617 1145 663 tomu
1165 611 1296 664 Bratrske
1318 612 1447 666 omezenl
1466 614 1565 668 svatlrd
1583 618 1684 668 zasva-

218 700 328 769 eenych
347 698 489 767 schvaluje
508 699 589 752 hlede
614 699 631 751 k
653 697 797 766 potrebdm
821 697 941 751 delniho
967 697 1032 761 lidu,
1059 714 1113 750 ano
1138 696 1204 750 neni
1228 700 1278 767 pry
1303 699 1417 768 svdtejtl
1439 700 1598 769 povinnosti
1624 703 1678 756 nad

219 784 362 854 dobyvinl
380 785 481 838 chleba
498 783 605 839 rodini.
642 767 680 837 Ze
700 783 827 837 roztrilra
854 782 1030 837 naboiensld
1054 801 1071 835 v
1090 770 1221 837 Cechach
1240 783 1312 838 bude
1332 786 1470 852 ulrlizena,
1494 787 1562 840 tobo
1585 787 1682 856 nadeji

218 872 314 924 skldda
332 889 349 924 v
368 872 480 925 noveho
494 871 583 924 eisaie
602 888 618 924 a
636 871 740 940 papeie
754 871 828 934 Lva3
848 870 856 923 i
875 870 984 923 dostavl
998 871 1048 940 pry
1063 888 1093 924 se
1107 878 1237 924 svornost
1250 870 1355 938 amisti,
1374 872 1496 927 budou·li
1510 874 1562 927 obe
1580 881 1679 945 strany

217 960 348 1028 povolny,
367 959 457 1011 zvlast
474 958 578 1011 bede-li
597 975 627 1011 se
647 958 750 1012 hledeti
769 958 855 1011 toliko
870 959 884 1010 k
899 958 1027 1010 elanttm
1042 974 1058 1008 ν
1072 957 1161 1026 ρίειηέ
1174 960 1308 1026 vyslovnd
1321 960 1487 1029 zaloienym
1500 978 1516 1014 a
1530 961 1547 1013 k
1559 961 1677 1030 spasenl

216 1046 395 1114 nezbytnym.
415 1045 548 1098 Konedne
566 1045 684 1115 vylrlidi
702 1045 800 1114 pisatel
819 1047 888 1098 trest
906 1044 1067 1098 hlestanslre
1087 1047 1210 1115 veroulry
1228 1062 1245 1097 a
1263 1045 1357 1113 varuje
1376 1047 1528 1115 plilisneho
1542 1049 1678 1102 hloubant

218 1151 235 1186 v
258 1134 316 1186 teto
340 1131 454 1202 pileine,
482 1132 625 1200 ponevadl
650 1131 763 1185 odvraci
787 1133 858 1201 mysl
883 1130 991 1184 lidskou
1010 1131 1045 1184 od
1064 1132 1195 1202 podstaty
1214 1133 1415 1187 lrlestanslreho
1435 1133 1535 1197 iivota,
1560 1153 1577 1189 a
1602 1139 1681 1189 ostie

219 1219 284 1272 uass
302 1218 478 1288 vyderaestvl
497 1217 639 1272 vrchnosti
657 1219 770 1272 svetslre
788 1217 831 1271 ale
850 1218 939 1270 zvlait
956 1218 1105 1270 duchovnl.
1125 1218 1245 1286 (Erasmi
1258 1219 1347 1288 Epist.
1361 1221 1444 1274 Basil.
1460 1220 1528 1274 1538
1542 1229 1591 1276 atr.
1604 1222 1680 1291 465.)
1691 1281 1713 1305 ὓ

304 1413 462 1475 Erasmus
486 1412 731 1476 Roterodamus
757 1411 873 1493 Joanni
895 1410 1050 1475 Slechtae
1074 1411 1225 1476 Bohemo
1248 1434 1273 1477 s.
1318 1413 1372 1477 Ad
1405 1415 1570 1494 prolixam
1603 1417 1676 1498 epi·

217 1517 336 1580 stolam
358 1526 458 1593 tuam,
481 1517 605 1597 optime
627 1513 769 1592 Slechta,
792 1517 906 1597 paucis
923 1517 953 1579 in
971 1517 1034 1579 hoc
1058 1525 1185 1578 tantum
1210 1518 1429 1598 respondebo,
1453 1529 1489 1582 ut
1512 1520 1673 1602 intelligas

217 1641 289 1683 eam
321 1621 399 1683 mihi
429 1631 463 1682 et
494 1621 658 1683 redditam
689 1618 787 1682 luisse
818 1630 850 1681 et
881 1619 1068 1700 perlectam,
1102 1639 1163 1682 nec
1198 1622 1284 1684 enirn
1314 1620 1403 1684 aliud
1433 1623 1675 1703 inpraesentia

217 1726 327 1787 sinunt
351 1725 588 1804 occupationes
612 1743 705 1786 meae
739 1723 794 1786 Ad
818 1724 1079 1786 obtrectatorum
1104 1744 1211 1802 voces,
1236 1727 1370 1807 quando
1395 1727 1561 1790 beneficiis
1576 1729 1677 1789 etiam

189 1829 399 1905 befferantun
423 1830 486 1890 iarn
505 1828 634 1909 pridem
651 1828 820 1890 obsurdui.
845 1827 996 1890 Antehac
1013 1827 1245 1891 existimabam
1263 1850 1315 1892 me
1332 1851 1440 1893 rerum
1457 1832 1676 1893 humanarum

220 1933 421 1995 mediocrem
456 1941 567 2008 tenere
601 1932 759 2011 peritiam,
794 1932 850 2013 qui
880 1932 1018 1994 diversis
1052 1932 1239 2013 regionibus
1273 1953 1350 1996 cum
1380 1935 1475 1997 variis
1505 1936 1676 1997 hominum

215 2037 390 2120 generibus
413 2037 553 2118 egissem
577 2035 866 2098 consuetudinem:
900 2037 958 2099 sed
991 2035 1179 2099 huiusmodi
1210 2037 1335 2099 belluas
1363 2039 1446 2101 inter
1470 2036 1676 2103 Christianos

216 2141 345 2222 repperi
382 2151 418 2202 ut
448 2159 615 2220 nunquam
646 2138 760 2201 fuerim
784 2139 979 2217 crediturus,
1013 2141 1043 2202 ni
1075 2160 1195 2222 magno
1219 2160 1294 2204 meo
1318 2141 1406 2205 malo
1429 2144 1676 2223 comperissem.

216 2244 343 2307 Verum
367 2254 584 2325 posteaquam
608 2242 651 2304 illi
681 2244 729 2305 sui
753 2244 925 2306 dissimiles
957 2264 1029 2306 esse
1057 2264 1124 2307 non
1147 2256 1296 2325 possunt,
1327 2266 1388 2309 nos
1420 2248 1523 2309 nostri
1555 2247 1677 2309 similes

174 2361 199 2402 ¹0
213 2368 285 2411 esse
308 2348 524 2424 studebimus,
547 2367 654 2428 neque
671 2346 859 2410 desinemus
875 2368 937 2427 pro
956 2359 1071 2411 nostro
1088 2349 1213 2411 talento
1229 2349 1434 2412 benemereti
1451 2349 1493 2411 de
1510 2350 1676 2422 omnibus,

217 2454 307 2533 quod
332 2452 465 2533 quidem
489 2453 521 2515 in
544 2452 639 2514 nobis
662 2452 723 2512 erit
756 2450 913 2514 Fortasse
936 2451 982 2514 sic
1006 2451 1070 2513 deo
1088 2452 1192 2514 visum
1209 2462 1267 2529 est,
1289 2462 1325 2514 ut
1343 2454 1407 2515 hoc
1423 2454 1526 2516 modo
1544 2453 1675 2516 luamus

214 2558 391 2619 commissa
414 2567 534 2631 nostra,
558 2556 678 2636 quibus
701 2554 792 2617 illum
817 2555 1006 2636 frequenter
1030 2555 1235 2618 offendimus.
1271 2555 1445 2639 Ignoscam
1468 2556 1538 2633 illis,
1561 2568 1598 2620 ut
1622 2558 1675 2621 ille

213 2660 352 2722 vicissim
377 2661 525 2741 ignoscat
550 2659 642 2735 mihi;
666 2678 742 2721 nam
766 2659 850 2720 vitae
867 2660 1125 2734 sanctimoniam,
1149 2679 1248 2740 quam
1272 2661 1349 2723 mihi
1373 2662 1489 2723 trrbuis
1512 2662 1672 2739 oratione,

214 2765 336 2826 utinam
360 2763 538 2845 aliquando
562 2782 621 2824 sua
644 2764 843 2846 benignitate
872 2762 949 2824 mihi
972 2764 1095 2825 tribuat
1118 2761 1277 2838 Christus,
1300 2765 1408 2826 omnis
1430 2774 1526 2826 autor
1550 2768 1672 2828 sancti-

176 2883 200 2922 15
214 2871 359 2930 moniael
384 2866 486 2947 Quod
510 2868 631 2929 nostris
655 2867 938 2929 lucubrationibus
955 2867 1103 2929 oblectas
1127 2868 1229 2930 otium
1250 2877 1352 2944 tuum,
1375 2867 1453 2930 iacis
1475 2878 1510 2931 tu
1535 2871 1670 2949 quidem

218 2973 334 3051 amice,
358 2972 502 3035 facturus
526 2975 622 3035 etiam
649 2973 694 3034 uti
708 2973 776 3048 iter,
800 2972 951 3034 simodo
974 2982 1087 3033 nostra
1109 2970 1197 3053 legas
1221 2992 1297 3034 eum
1313 2971 1441 3049 iudicio,
1464 2975 1671 3053 nequeenim

212 3077 369 3157 dogmata
392 3077 582 3151 scribirnus;
607 3075 727 3138 deinde
751 3077 777 3138 si
801 3086 871 3138 tum
895 3076 1037 3156 denique
1060 3095 1171 3138 sumes
1195 3077 1227 3138 in
1248 3096 1365 3138 manus
1383 3076 1567 3154 Erasmum,
1590 3098 1668 3140 cum

212 3200 277 3244 non
301 3180 396 3243 adest
420 3180 592 3242 meliorum
616 3181 819 3242 voluminum
842 3181 947 3260 copia.
972 3178 1016 3241 At
1038 3200 1117 3242 sane
1141 3189 1245 3242 totam
1270 3183 1364 3242 istam
1388 3183 1553 3263 regionem
1572 3183 1669 3245 nobis

211 3284 394 3346 admodum
416 3284 571 3368 graphice
594 3282 750 3366 depingis,
782 3293 817 3346 ut
847 3283 921 3364 plus
953 3303 1059 3364 prope
1090 3284 1218 3346 videam
1250 3285 1281 3346 in
1305 3285 1452 3347 oratione
1473 3295 1538 3362 tua,
1570 3306 1670 3367 quam

170 3403 196 3444 '2⁰
211 3398 450 3467 conspecturus
473 3389 597 3464 luerim,
621 3388 648 3449 si
671 3388 766 3451 isthic
789 3408 893 3451 annos
916 3388 1041 3469 aliquot
1065 3389 1212 3470 egissem.
1237 3386 1338 3467 Quod
1362 3400 1468 3452 vestra
1492 3388 1668 3452 Germania

209 3493 331 3574 passim
355 3492 532 3554 latrociniis
555 3502 605 3555 est
629 3495 786 3569 obnoxia,
809 3495 930 3573 partim
954 3493 1072 3572 opinor
1094 3493 1127 3554 in
1150 3513 1250 3555 causa
1273 3513 1345 3555 esse
1369 3493 1520 3573 reliquias
1540 3495 1672 3574 priscae

209 3596 350 3672 feritatis,
375 3598 492 3677 partim
516 3595 607 3678 quod
632 3599 723 3678 regio
747 3597 889 3659 dissecta
911 3607 961 3658 est
985 3597 1017 3659 in
1040 3606 1089 3659 tot
1113 3598 1254 3660 ditiones
1277 3616 1315 3658 ac
1337 3597 1481 3659 minutos
1496 3597 1672 3676 principes,

209 3721 352 3782 quorum
376 3722 473 3763 nemo
497 3701 572 3763 velit
595 3701 688 3763 alteri
712 3701 905 3778 concedere,
933 3703 1051 3781 partim
1076 3703 1167 3782 quod
1190 3700 1279 3764 nulla
1302 3720 1382 3784 gens
1406 3701 1553 3763 crebrius
1577 3701 1669 3764 belli·

209 3816 340 3887 geratur
371 3805 535 3885 stipendio
568 3805 748 3882 conducta;
784 3806 828 3867 ita
859 3805 1035 3867 latrociniis
1065 3805 1260 3868 exercendis
1291 3804 1378 3867 bello
1410 3825 1446 3866 se
1477 3816 1603 3885 parant,
1635 3815 1667 3868 et

167 3922 194 3964 ro
209 3909 296 3971 bello
320 3909 464 3972 defuncti
488 3909 562 3972 belli
588 3908 739 3990 reliquias
755 3918 920 3972 exercent.
944 3909 1015 3990 jam
1035 3929 1112 3971 cum
1128 3909 1215 3971 nulla
1232 3929 1284 3972 res
1300 3909 1340 3972 sit
1355 3918 1423 3971 tam
1440 3909 1663 3987 incommoda,

212 4014 289 4094 quin
311 4013 403 4075 alicui
426 4015 467 4076 sit
490 4014 678 4090 commodo,
703 4014 823 4095 quibus
846 4034 890 4075 ex
910 4013 1113 4076 deducendis
1130 4013 1315 4094 hospitibus
1330 4023 1387 4076 aut
1403 4013 1665 4096 negotiatoribus

212 4125 368 4198 quaestus
400 4127 458 4192 est,
490 4117 521 4179 hi
555 4136 790 4199 nonnunquam
821 4127 1009 4199 procurant,
1044 4137 1084 4180 ne
1126 4127 1233 4181 tutum
1268 4119 1309 4181 sit
1339 4119 1408 4194 iter,
1442 4137 1483 4180 ne
1513 4119 1663 4199 ipsorum

210 4220 332 4284 auxilio
362 4242 429 4285 non
458 4222 500 4284 sit
522 4241 616 4301 opus.
662 4222 713 4286 Ac
737 4242 810 4284 mea
833 4223 993 4285 sententia
1018 4221 1200 4284 consultius
1230 4230 1317 4284 esset
1347 4221 1537 4284 huiusmodi
1569 4223 1664 4286 malis

211 4344 387 4387 occurrere
410 4326 627 4406 prudentibus
651 4326 799 4402 consiliis,
830 4346 871 4388 ne
894 4327 1186 4402 committerentur,
1216 4345 1315 4408 quam
1339 4325 1455 4405 punire
1477 4327 1664 4390 commissa

170 4426 286 4508 fflQua
308 4439 513 4492 commeatus
537 4444 623 4492 esset
647 4430 935 4512 frequentissimus,
962 4431 1012 4492 via
1036 4429 1163 4492 liberari
1188 4439 1300 4511 posset
1323 4429 1478 4492 arborum
1502 4430 1664 4494 densitate

210 4552 249 4596 ac
271 4534 356 4608 vicis,
381 4532 462 4596 villis
485 4543 517 4596 et
540 4535 672 4597 arcibus
694 4535 899 4598 communiri.
945 4533 1097 4597 Proiecto
1128 4553 1194 4597 non
1226 4554 1343 4615 parum
1367 4533 1561 4597 indecorum
1585 4535 1665 4597 mihi

209 4637 336 4700 videtur
359 4657 427 4701 non
450 4637 538 4700 idem
562 4648 729 4718 praestare
753 4639 937 4703 Germanas
959 4638 1060 4702 urbes
1083 4659 1121 4701 ac
1145 4638 1307 4719 principes
1330 4638 1361 4700 in
1379 4639 1446 4700 suis
1466 4640 1666 4721 regionibus,

209 4742 300 4823 quod
324 4741 440 4804 Elvetii
463 4752 630 4822 praestant
653 4745 684 4805 iu
708 4764 766 4805 sua
790 4743 939 4825 populari
962 4743 1098 4806 consilio
1122 4741 1201 4805 freti.
1246 4741 1314 4807 Sed
1338 4743 1388 4805 his
1411 4741 1503 4805 malis
1526 4742 1666 4807 sortasse

207 4845 396 4908 medebitur
420 4843 559 4909 Carolus
584 4857 696 4909 noster
720 4849 882 4928 princeps,
906 4858 942 4910 ut
965 4868 1115 4911 summus
1138 4850 1182 4910 ita
1205 4848 1345 4910 iustitiae
1362 4847 1470 4910 cultor
1486 4849 1664 4912 maximus.

167 4963 194 5004 ³5
207 4947 362 5012 Ceterum
386 4951 477 5031 quod
500 4951 542 5013 ad
567 4951 642 5014 fidei
666 4952 837 5015 dissidium
854 4954 976 5030 attinet,
1000 4954 1100 5015 levior
1117 4961 1205 5015 esset
1222 4953 1388 5014 calamitas
1405 4971 1478 5014 mea
1493 4954 1664 5029 sententia,

208 5055 234 5116 si
257 5054 344 5115 idem
368 5076 459 5117 error
483 5055 618 5118 haberet
642 5075 773 5133 omnes,
797 5076 883 5119 nunc
909 5059 996 5120 bona
1019 5077 1094 5137 pars
1117 5077 1183 5118 non
1200 5056 1306 5119 solum
1324 5055 1495 5132 dissidetis,
1511 5066 1547 5119 ut
1563 5058 1664 5120 aiunt,

207 5157 249 5220 ab
272 5159 410 5220 ecclesia
440 5159 610 5234 catholica,
639 5180 752 5222 verum
784 5162 881 5223 etiam
913 5162 1007 5222 variis
1038 5160 1206 5223 erroribus
1236 5162 1318 5221 inter
1348 5179 1407 5222 vos
1430 5160 1662 5241 digladiamini.

209 5261 294 5325 Nam
318 5264 408 5343 quod
430 5264 575 5346 ludaeos
599 5264 727 5327 habetis
750 5265 925 5341 admixtos,
950 5264 981 5326 id
1007 5265 1144 5327 fortasse
1168 5284 1344 5327 commune
1368 5275 1417 5330 est
1449 5283 1524 5326 cum
1551 5264 1663 5329 ltaliae
