3674 5858
552 391 619 471 'Vll
640 416 732 470 Racek
751 418 834 471 Petru
852 416 1039 472 'l'omiclikmu
1059 416 1135 471 1499.

123 631 322 712 complexus
344 629 461 693 luerim
483 637 673 710 quantaque
691 629 908 705 veneratione,
930 649 997 692 non
1019 630 1167 712 ignoras;
1191 628 1316 692 nullum
1333 648 1478 709 unquam
1502 627 1580 691 mihi

121 737 262 799 verbum
277 733 410 812 excidit,
432 732 522 797 unde
537 732 660 796 offendi
676 752 801 812 posses.
825 730 1001 812 Quocirca,
1023 754 1100 797 cum
1123 734 1167 797 sis
1189 735 1237 797 vir
1260 733 1478 816 gravissimus,
1500 733 1581 795 inte·

122 839 284 923 gerrimus
306 839 463 920 omnique
484 838 604 900 virtute
627 837 806 918 praeditus,
833 847 866 899 te
889 838 1009 919 quibus
1032 858 1169 920 possum
1194 838 1348 918 precibus
1371 838 1522 911 obsecro,
1546 846 1582 899 ut

123 944 166 1008 ad
190 963 252 1020 me,
274 963 350 1006 cum
374 943 432 1006 otii
454 941 631 1023 quicquam
655 951 772 1004 nactus
787 940 898 1014 lueris,
923 940 1046 1005 litteras
1070 940 1281 1022 perferendas
1304 961 1409 1004 cures.
1434 941 1470 1003 ln
1494 940 1582 1003 hunc

121 1049 268 1111 maxime
290 1048 429 1111 modum
451 1056 485 1109 te
500 1045 708 1109 contubernii
731 1046 834 1109 nostri
857 1044 981 1108 nullam
996 1046 1156 1108 abiecisse
1179 1047 1372 1108 memoriam
1395 1044 1580 1127 intelligam.
1608 1053 1621 1094 ⁵

120 1152 340 1216 Inhumanum
356 1151 509 1233 prolecto
525 1159 584 1227 est,
608 1170 648 1213 ne
663 1150 773 1213 dicam
789 1150 921 1229 inpium,
937 1170 1004 1213 non
1020 1148 1223 1231 respondere
1239 1151 1270 1211 in
1285 1169 1407 1225 amore,
1422 1170 1441 1211 a
1459 1149 1579 1230 quibus

120 1257 323 1337 provocaris.
348 1253 470 1339 Vale.²)

815 1602 885 1665 Vll.

537 1760 681 1836 Racek
709 1761 839 1834 Petru
867 1757 1161 1834 Tomickemu.

207 1966 242 2034 (V
262 1967 392 2022 Bononll
418 1968 505 2023 1400
527 1998 558 2009 -
578 1981 615 2023 nt
634 1965 737 2031 mnu.)
766 1964 833 2020 Tell
852 1983 893 2031 se,
916 1965 948 2019 ie
972 1964 1099 2019 konecne
1122 1965 1225 2033 jednou
1250 1966 1287 2019 od
1312 1967 1385 2018 neho
1409 1966 1499 2019 dostal
1524 1967 1579 2019 list

124 2052 211 2106 nikoli
231 2061 319 2122 proto,
338 2052 370 2107 ie
388 2052 435 2108 list
453 2054 576 2124 plichdzi
600 2041 724 2118 zlllma,
749 2053 836 2121 nybrl
860 2052 892 2106 ie
908 2050 964 2121 jest
988 2068 1035 2105 mu
1054 2053 1184 2117 zrlrukou,
1209 2051 1240 2104 ie
1264 2052 1404 2123 Tomicliy
1429 2069 1465 2105 na
1484 2053 1581 2105 Racka

120 2142 307 2209 nezapomndl
334 2142 440 2206 docela.
478 2142 557 2194 Prosl
585 2157 619 2194 za
646 2132 812 2209 dopisovtinl
840 2138 908 2192 dalsl
934 2139 1015 2192 hledd
1042 2138 1059 2191 k
1084 2140 1241 2193 osveddene
1269 2139 1420 2193 laskavosti
1447 2141 1577 2192 Petrove.

121 2227 204 2296 (List
221 2227 279 2281 tiu.
297 2227 347 2281 cis.
366 2228 423 2294 IX.)

208 2456 394 2521 Rodericus
410 2456 587 2520 Dubravus
604 2458 701 2520 Petro
718 2456 898 2533 Tomiczki,
923 2458 1000 2519 iuris
1023 2457 1181 2535 pontificii
1203 2457 1375 2519 doctoris.
1393 2458 1423 2519 d.
1447 2455 1579 2536 Quanta

119 2562 240 2625 laetitia
269 2569 459 2643 quantaque
489 2560 658 2641 voluptate
692 2581 745 2623 me
767 2561 934 2624 affecerint
965 2561 1077 2624 literae
1099 2570 1184 2636 tuae,
1214 2560 1303 2624 nulla
1333 2580 1470 2643 possum
1501 2561 1580 2623 satis

120 2667 270 2730 oratione
293 2665 424 2743 referre,
454 2685 521 2728 non
543 2666 620 2745 quia
643 2685 687 2727 ex
710 2663 803 2728 Urbe
827 2664 906 2727 mihi
937 2664 1054 2727 allatae
1077 2674 1161 2739 sunt,
1191 2664 1250 2729 sed
1274 2666 1351 2746 quia
1372 2665 1416 2727 ab
1438 2685 1480 2727 eo
1503 2665 1580 2727 mihi
1596 2682 1622 2723 ro

120 2768 249 2833 delatae
271 2779 356 2846 sunt,
378 2789 397 2831 a
421 2789 489 2850 quo
510 2788 563 2830 me
587 2770 719 2831 crebras
742 2770 911 2848 accepisse
928 2767 1001 2848 (sic)
1024 2769 1223 2846 arbitrabar;
1248 2768 1404 2850 quoniam
1427 2789 1475 2847 ea,
1498 2789 1582 2850 quae

27 2927 29 2931 .
118 2872 247 2937 tardius
277 2881 310 2936 et
333 2878 437 2935 rarius
466 2873 626 2949 eveniunt,
657 2892 898 2954 saepenumero
931 2873 1029 2936 chara
1059 2883 1160 2954 atque
1187 2873 1330 2936 iocunda
1362 2892 1436 2936 esse
1466 2872 1581 2935 solent.

118 2977 205 3042 Sunt
226 2977 313 3040 euim
336 2977 495 3059 plerique,
517 2978 581 3058 qui,
606 2985 784 3058 postquam
809 2997 852 3038 ex
876 2976 968 3040 Urbe
992 2978 1101 3041 literas
1124 2985 1333 3057 acceperunt,
1363 2996 1400 3039 se
1423 2996 1498 3039 cum
1521 2975 1582 3038 illis

118 3090 297 3156 ostentant,
320 3102 407 3163 quos
423 3102 486 3164 ego
508 3081 629 3144 nullius
646 3083 772 3144 consilii
795 3101 868 3144 esse
888 3071 1049 3160 arbitror3
1072 3101 1134 3163 ego
1151 3102 1239 3158 vero,
1261 3082 1442 3143 sententiae
1465 3100 1581 3143 eorum

120 3187 254 3248 minime
269 3186 441 3261 accedens,
463 3195 610 3248 nostram
627 3185 902 3248 consuetudinem
925 3186 984 3247 tibi
1001 3186 1159 3247 memoria
1181 3204 1248 3247 non
1265 3185 1396 3264 penitus
1419 3185 1581 3247 excidisse
1598 3197 1622 3239 ¹⁶

119 3288 346 3353 incredibilem
362 3291 393 3352 in
409 3291 519 3352 animo
541 3290 744 3369 voluptatem
767 3291 922 3370 percipio.
947 3288 1048 3369 Quod
1064 3287 1142 3352 nihil
1162 3288 1205 3350 ad
1222 3308 1275 3351 me
1290 3298 1386 3350 antea
1401 3290 1582 3368 scripseris,

119 3405 212 3456 tuam
234 3394 483 3457 excusationem
507 3395 661 3472 suscipio,
689 3413 764 3456 cum
788 3405 821 3456 te
844 3393 983 3476 negotiis
1007 3393 1198 3473 implicitum
1221 3393 1279 3454 tibi
1303 3393 1409 3454 omnis
1432 3402 1581 3472 potestas

119 3497 287 3561 scribendi
301 3497 431 3560 sublata
447 3496 550 3560 luerat
567 3493 650 3578 (sict
674 3495 776 3576 Quod
794 3517 871 3559 vero
894 3497 926 3559 in
949 3517 1003 3559 me
1026 3516 1159 3559 omnem
1180 3496 1310 3577 culpam
1327 3496 1465 3574 conlers,
1487 3497 1580 3559 facile

119 3603 235 3682 patiar,
265 3603 293 3664 si
314 3602 448 3665 crebras
471 3622 490 3663 a
512 3611 545 3663 te
569 3601 678 3664 literas
700 3621 873 3682 accepero,
905 3601 996 3683 quod
1020 3612 1052 3663 te
1075 3602 1238 3664 facturum
1269 3620 1431 3665 essenon
1454 3602 1581 3664 dubito.

120 3705 182 3768 Est
204 3706 289 3768 enim
313 3705 392 3768 mihi
415 3711 588 3786 perspecta
611 3716 644 3767 et
667 3707 796 3788 cognita
819 3715 876 3769 tua
906 3705 1077 3788 singularis
1101 3706 1285 3768 humanitas
1317 3715 1417 3787 atque
1440 3705 1577 3768 incredi-
1591 3719 1619 3762 ro

120 3809 195 3872 bilis
217 3810 249 3873 in
271 3811 396 3872 amicos
428 3809 653 3872 benivolentia.
692 3808 768 3872 Scio
792 3829 865 3872 esse
887 3819 964 3872 tuae
995 3808 1241 3872 consuetudinis
1263 3809 1327 3872 tuis
1350 3810 1461 3872 amicis
1486 3830 1578 3889 prae·

118 3913 206 3978 sidio
221 3933 303 3992 esse,
319 3915 351 3977 id
368 3913 459 3994 quod
473 3914 559 3989 mihi,
572 3912 651 3974 dum
669 3913 795 3976 hisdem
812 3913 991 3993 parietibus
1007 3913 1259 3988 contineremur,
1276 3912 1578 3993 exploratissimum

119 4016 191 4082 suit.
216 4014 339 4100 Vale.²)

208 4258 228 4325 ¹)
244 4257 367 4311 Vrocenl
384 4257 449 4311 listu
468 4258 566 4311 tohoto
584 4274 601 4310 a
620 4256 831 4325 nasledujiciho,
855 4275 873 4310 v
892 4257 973 4312 nemi
997 4258 1080 4328 podle
1099 4258 1181 4312 zddnl
1207 4258 1313 4311 naseho
1342 4261 1504 4312 naznateno
1522 4257 1580 4327 jest

119 4343 254 4415 vyplnenl
278 4345 355 4407 toho,
380 4345 451 4398 deho
477 4345 501 4398 si
527 4345 621 4398 Racek
648 4362 666 4396 v
689 4351 778 4397 tomto
803 4344 887 4414 pieje,
912 4344 1012 4413 pdsobl
1036 4345 1154 4398 zvllstnl
1182 4344 1281 4398 obtiie.
1318 4345 1456 4416 Tomicly
1482 4348 1579 4413 patrue

118 4431 231 4485 tenlrrdt
251 4431 315 4484 skrz
333 4430 453 4485 Bononii
472 4431 595 4485 cestoval
613 4438 705 4485 atam
722 4430 769 4498 jen
789 4448 825 4485 na
843 4431 942 4485 linitlio
960 4431 1044 4501 pobyl
1064 4431 1169 4499 ublraje
1188 4449 1218 4484 se
1237 4433 1272 4484 do
1287 4419 1375 4495 Rima,
1394 4431 1484 4485 odliud
1498 4433 1579 4500 podle

119 4519 187 4571 listu
205 4517 409 4587 ndsledujlclho
428 4517 551 4571 Rackovi
570 4518 639 4586 psal.
669 4518 694 4571 V
713 4505 793 4571 ltlme
813 4519 865 4587 pali
888 4518 934 4589 byl
954 4519 1034 4588 podle
1059 4519 1144 4572 usech
1169 4518 1343 4587 livotopiscd
1369 4520 1403 4572 od
1426 4519 1578 4587 ptdzimlru

120 4604 191 4658 1499
208 4605 244 4658 do
262 4606 319 4659 leta
337 4621 357 4657 r.
378 4603 453 4659 1500.
490 4606 583 4658 Odtud
607 4604 697 4658 vnitiv
722 4623 752 4658 se
780 4606 816 4658 do
840 4606 922 4659 vlasti
947 4607 1000 4659 stal
1025 4624 1055 4659 se
1081 4606 1238 4659 kancltlem
1267 4605 1408 4659 luudinala
1432 4607 1579 4659 Fridricha

119 4690 329 4747 Kralrovslsdho.
356 4693 442 4746 Podle
461 4693 529 4747 toho
547 4692 615 4761 psdn
635 4692 671 4761 by
690 4692 736 4761 byl
755 4691 801 4745 list
820 4699 898 4747 tento
915 4710 932 4746 a
951 4692 1115 4761 ndsledujlci
1143 4710 1178 4747 na
1202 4692 1275 4746 zimu
1300 4710 1320 4745 r.
1341 4693 1417 4761 1499,
1445 4711 1462 4746 a
1487 4711 1534 4764 my
1548 4693 1578 4761 je

117 4779 183 4832 take
202 4778 249 4832 tak
266 4778 475 4847 konjelrturalne
493 4778 662 4846 vrodujeme.
699 4779 750 4833 Ale
774 4779 814 4848 pli
838 4779 897 4834 teto
922 4780 1084 4849 konjelitule
1111 4779 1260 4849 naskytute
1286 4798 1316 4833 se
1341 4788 1370 4834 ta
1389 4782 1518 4846 nesndze,
1545 4780 1578 4834 ie

117 4866 258 4936 Tomiclry
276 4865 410 4920 titulovan
430 4884 447 4918 v
466 4865 540 4920 obou
558 4867 658 4920 listech
677 4867 823 4920 dolrtorem
849 4868 934 4937 prava
959 4867 1132 4931 clrkevnlho,
1159 4867 1236 4920 ktert
1261 4867 1393 4921 hodnosti
1413 4868 1481 4921 vsalr
1500 4868 1578 4921 dodel

117 4962 198 5024 teprv
218 4953 258 5007 10.
279 4954 380 5007 cervna
400 4953 468 5006 1500
485 4953 655 5021 (Archiwum
675 4956 712 5006 do
729 4954 845 5022 dziejow
864 4955 902 5008 lit.
923 4955 930 5008 i
950 4954 1065 5023 oswiaty
1090 4971 1115 5006 w
1136 4955 1238 5008 Polsce
1257 4955 1313 5007 Vll.
1335 4952 1422 5023 [1892]
1442 4961 1488 5007 str.
1509 4954 1578 5020 130).

118 5043 167 5111 My
186 5039 301 5094 nesnazi
319 5047 349 5093 tu
368 5040 575 5109 plelrondvame
594 5042 649 5103 talt,
674 5040 705 5094 le
724 5041 908 5111 pl‘ipoudtlme
930 5059 1035 5111 opravu
1054 5043 1178 5110 adressy,
1203 5041 1273 5109 luyz
1299 5041 1364 5110 listy
1382 5044 1449 5094 nale
1468 5042 1578 5112 dostaly

119 5145 150 5181 se
170 5128 206 5181 do
224 5127 308 5192 tislm,
327 5126 378 5180 coi
397 5128 468 5181 stalo
487 5145 517 5181 se
536 5127 568 5180 ai
587 5144 607 5181 r.
629 5126 704 5181 1501.

208 5215 228 5283 ¹)
247 5215 271 5267 0
291 5214 406 5268 vrodenl
425 5214 490 5268 listu
508 5215 606 5268 tohoto
624 5213 669 5268 viz
687 5215 843 5282 poznAmku
864 5216 879 5267 l
900 5215 964 5267 listu
984 5213 1247 5283 pledchrlzejiclmu.
