3652 5858
532 410 638 464 Vaclav
656 411 775 480 Piseclry
795 411 877 463 Petru
896 409 1062 463 Pisecktmu
1082 408 1159 461 1509.
1505 408 1539 459 45

89 625 199 687 solum
223 623 280 686 sed
304 636 336 687 et
360 625 481 686 amicos
504 641 598 685 meos
620 623 826 685 sermonibus
856 641 890 684 re
913 624 1020 684 vacuis
1050 633 1081 684 et
1113 641 1156 683 ex
1186 624 1316 684 veritate
1346 623 1421 684 nihil
1452 620 1547 702 plane

90 728 293 791 trahentibus
307 729 475 810 hucusque
491 727 670 802 detinuerit,
692 727 775 802 risui,
799 726 973 804 despectui,
992 737 1024 788 et
1039 728 1238 806 contemptui
1254 726 1388 789 dederit.
1412 725 1546 789 Videbit

91 833 293 915 quandoque
324 835 384 895 ista
414 831 505 895 Deus
528 831 741 910 aequissimus
768 830 875 904 iudex,
903 850 976 892 cum
1000 831 1083 893 iusta
1106 831 1199 894 lance
1223 831 1428 905 examinabit,
1459 842 1545 893 recte

88 957 133 1000 an
156 956 327 1019 perperam
350 949 434 1019 agat.
456 933 522 999 Sed
545 936 626 997 haec
649 934 735 997 alias.
781 933 835 996 Ad
860 946 899 1008 te,
922 934 1111 997 venerabilis
1133 934 1280 1014 plebane,
1307 935 1417 1011 redeo,
1446 954 1544 1014 quem

90 1041 169 1104 mihi
193 1060 265 1103 esse
287 1042 425 1103 amicum
448 1060 515 1102 non
537 1038 685 1116 diffiteor,
707 1040 757 1101 cui
779 1058 832 1099 me
855 1039 990 1119 plurima
1013 1039 1135 1100 debere
1157 1058 1222 1099 non
1238 1050 1347 1118 aperte
1371 1038 1471 1100 modo
1486 1039 1544 1101 sed
1570 1048 1585 1089 ὅ

90 1156 124 1208 et
147 1148 286 1228 ingenue
309 1146 418 1207 fateor.
449 1143 610 1224 Quicquid
633 1146 726 1225 igitur
749 1162 843 1204 meae
866 1162 985 1222 operae
1008 1153 1063 1205 aut
1086 1154 1133 1204 est
1163 1154 1218 1205 aut
1250 1144 1318 1218 erit,
1341 1153 1445 1205 totum
1468 1142 1545 1205 illud

88 1251 149 1312 tibi
172 1250 281 1312 debeo
304 1267 363 1328 pro
386 1261 441 1311 tua
464 1251 495 1311 in
519 1267 571 1309 me
593 1248 793 1310 humanitate
816 1258 848 1309 et
873 1247 1106 1308 benevolentia.
1131 1246 1227 1309 Nunc
1249 1249 1345 1309 istum
1369 1247 1484 1308 librum
1504 1266 1545 1308 ne

88 1373 227 1435 respuas
250 1372 381 1434 quaeso.
405 1353 620 1432 Posteaquam
644 1353 686 1413 ab
709 1351 799 1413 ltalia
822 1370 932 1413 versus
955 1350 1131 1423 Boiimiam
1154 1353 1180 1412 si
1204 1351 1303 1412 modo
1319 1351 1407 1412 lavor
1422 1352 1546 1413 divinus

88 1461 218 1539 aspiret,
242 1458 360 1538 pedem
383 1456 531 1530 retuler0,
561 1467 676 1536 potero
707 1455 838 1518 forsitan
869 1468 900 1517 et
924 1455 1056 1517 meliora
1087 1466 1118 1515 et
1151 1467 1225 1517 tuae
1255 1454 1399 1538 dignitati
1422 1457 1545 1535 aptiora

87 1562 227 1624 reddere
250 1581 390 1625 munera.
415 1561 506 1623 Vale.
531 1561 615 1623 Data
639 1560 760 1643 Pragae
784 1562 814 1621 in
838 1560 973 1642 collegio
997 1559 1058 1621 divi
1081 1557 1186 1621 Caroli
1209 1559 1265 1621 IV.
1289 1558 1402 1621 Nonas
1428 1558 1546 1638 Aprilis
1562 1569 1588 1611 10

89 1685 183 1728 anno
206 1666 317 1729 salutis
340 1675 469 1727 nostrae
492 1663 527 1726 M
543 1664 574 1727 D
589 1664 641 1727 lX.

787 1889 856 1953 Xll.

406 2027 570 2102 vaelav
599 2027 781 2124 Plsecky
810 2030 937 2101 Petru
966 2027 1231 2103 Piseckemu.

181 2220 205 2272 ν
225 2219 317 2272 matu
338 2217 424 2271 isos
445 2248 476 2257 -
497 2218 531 2270 4.
552 2213 668 2271 averna.
699 2201 783 2278 irae,
811 2216 866 2285 aby
889 2215 951 2268 vrci
973 2215 1039 2282 jero
1064 2216 1148 2269 doure
1168 2217 1319 2284 opatroval‚
1347 2216 1473 2283 zejmena
1491 2217 1546 2287 ary

88 2304 206 2358 lronvici
222 2304 289 2372 jeho
306 2303 389 2357 vloiil
408 2304 443 2357 do
462 2304 564 2372 bedny,
591 2303 668 2355 litera
695 2320 727 2356 za
751 2304 808 2355 nim
837 2303 872 2355 do
900 2303 983 2357 Plslru
1011 2304 1126 2370 poslana
1153 2303 1211 2371 byn
1231 2305 1312 2365 mela,
1339 2321 1355 2357 a
1379 2304 1546 2371 pozdravuje

95 2392 205 2462 platele
224 2391 351 2446 Praislre.
368 2390 448 2459 (List.
467 2391 525 2459 rkp.
543 2390 593 2442 dle.
612 2389 684 2447 vnn

183 2567 376 2631 Vinceslaus
400 2567 560 2629 Piscensis
584 2567 681 2629 Petro
706 2586 776 2641 suo,
798 2566 1073 2649 ludimagistrum
1097 2569 1128 2630 in
1144 2570 1314 2651 gymnasio
1331 2569 1395 2630 divi
1413 2568 1546 2630 Henrici

92 2673 205 2755 agenti
228 2694 254 2735 s.
277 2691 307 2751 p.
331 2673 362 2734 d.
400 2671 434 2736 Si
464 2681 499 2733 tu
531 2670 653 2747 studes,
683 2671 767 2732 bene
797 2680 855 2746 est,
885 2672 1049 2752 equidem,
1081 2672 1154 2735 licet
1178 2673 1294 2735 studiis
1317 2692 1357 2734 ne
1381 2673 1547 2733 minimam

95 2777 234 2859 quidem
258 2796 393 2857 operam
417 2777 593 2857 impartiar,
616 2775 708 2836 valeo
732 2784 850 2836 tamen.
875 2773 927 2836 Tu
944 2774 993 2837 lac
1010 2774 1054 2837 ob
1071 2797 1281 2838 communem
1297 2775 1385 2838 illam
1401 2785 1548 2838 nostram

90 2880 277 2956 amicitiam,
300 2901 385 2961 quae
407 2900 468 2942 nec
491 2879 680 2959 temporalis
704 2880 765 2941 erit
795 2897 855 2940 nec
880 2878 1039 2956 simulata,
1071 2902 1122 2942 res
1154 2901 1244 2942 meas
1268 2881 1312 2943 ita
1335 2900 1480 2955 accurcS,
1511 2891 1546 2942 ut
1562 2891 1586 2934 15

92 3004 160 3065 ego
191 3003 257 3046 non
280 2994 347 3046 tam
371 3003 469 3064 spero
501 3002 600 3063 quam
625 2981 766 3044 confido
798 2980 1000 3045 Cantharum
1024 2985 1224 3047 mediocrem
1256 3005 1297 3046 an
1327 2986 1427 3045 cistae
1455 3004 1546 3046 man·

90 3088 249 3165 daverim,
271 3089 390 3151 nescio.
437 3086 534 3151 Certe
565 3107 638 3148 mea
660 3107 736 3149 cum
760 3088 919 3149 memoria
950 3087 1072 3151 bellum
1103 3109 1191 3170 gero.
1237 3088 1344 3150 Velim
1367 3089 1409 3149 ab
1433 3109 1470 3149 ea
1494 3108 1547 3148 me

91 3192 228 3255 tandem
253 3211 363 3275 pugna
386 3191 524 3253 liberum
548 3212 586 3252 ac
610 3193 788 3253 immunem
819 3190 917 3253 iacias
947 3191 1037 3255 illum
1061 3194 1160 3255 rebus
1187 3194 1268 3254 meis
1291 3191 1546 3267 commiscend0,

90 3306 131 3358 ut
154 3297 273 3376 pariter
307 3296 417 3358 omnia
447 3295 500 3357 illa
531 3314 644 3357 versus
676 3294 813 3370 Pislram,
844 3296 900 3357 ubi
931 3304 1062 3374 tempus
1085 3295 1180 3358 luerit
1204 3306 1438 3376 opportunum,
1471 3295 1546 3356 diri-

88 3408 219 3482 gantur.
258 3398 349 3475 Vale,
381 3419 455 3460 nam
480 3399 629 3479 pluribus
651 3419 749 3481 agere
778 3419 844 3461 non
868 3420 1013 3480 possum.
1052 3400 1217 3480 Quicquid
1241 3401 1388 3463 calamus
1413 3401 1586 3476 dictitatur

88 3502 342 3567 tumultuarium
373 3513 431 3577 est,
462 3503 665 3566 inconditum
696 3514 728 3565 et
758 3524 825 3566 non
847 3514 914 3565 tam
947 3524 1019 3566 mea
1043 3506 1150 3568 studia
1181 3526 1280 3586 quam
1304 3506 1427 3583 patriae
1453 3525 1546 3566 meae

90 3607 300 3671 conditiones
323 3606 398 3669 olet.
424 3607 600 3669 Rectorem
624 3608 840 3670 universitatis
864 3628 938 3670 meo
962 3609 1093 3671 nomine
1114 3609 1237 3671 salvere
1260 3610 1344 3685 iube,
1368 3608 1545 3689 plebanum

91 3720 128 3773 et
160 3731 184 3774 s.
215 3710 316 3773 Koral
348 3719 381 3773 et
405 3711 574 3792 Jacobum.
614 3712 735 3773 lterum
758 3711 836 3772 vale.
876 3712 981 3774 Darae
1005 3712 1116 3775 Piscae
1140 3712 1197 3775 lV.
1222 3713 1335 3776 Nonas
1360 3711 1436 3774 Maii
1459 3733 1545 3776 anno

92 3812 217 3878 Christi
240 3813 274 3876 Μ
290 3814 321 3878 D
338 3813 390 3878 IX.

776 4022 860 4084 Xlll.

405 4156 572 4232 Vaclav
600 4158 782 4256 Pisecky
811 4162 940 4234 Petru
968 4159 1230 4235 Plseckemu.

183 4347 398 4402 veenrtkach
419 4341 588 4415 Vlasssltich
609 4348 694 4403 1509
715 4379 745 4385 —
766 4350 789 4402 1.
809 4346 932 4403 borvna.
951 4348 1114 4417 Oznamuje,
1138 4350 1170 4403 ie
1191 4352 1297 4403 ltastnd
1316 4350 1351 4403 do
1371 4350 1496 4403 Benrltelr
1514 4367 1545 4402 se

92 4434 194 4497 doatal,
212 4450 230 4488 a
247 4434 386 4488 nebudeli
413 4436 454 4488 lze
482 4452 531 4503 pro
556 4434 691 4503 nepolroje
715 4435 831 4489 valledne
858 4435 998 4490 studovati
1016 4453 1034 4487 v
1053 4436 1174 4499 Padovd,
1194 4435 1226 4489 le
1244 4436 1326 4505 piljde
1354 4436 1390 4489 do
1409 4435 1545 4489 Bononie.

91 4504 180 4585 laida,
198 4519 253 4588 aby
271 4521 356 4591 lmihy
375 4539 408 4575 za
426 4523 549 4575 urdenou
568 4537 640 4575 cenu
653 4522 782 4577 moini-li
798 4523 904 4593 prodal,
922 4523 1025 4578 ostatnl
1045 4523 1166 4590 majetelr
1183 4522 1285 4593 knilny
1298 4523 1383 4577 doble
1396 4524 1545 4593 opatroval.

92 4606 176 4671 (Liar.
194 4607 252 4676 rkp.
274 4606 323 4662 dle.
342 4609 424 4676 Vlll.)

183 4783 387 4848 Venceslaus
411 4786 569 4848 Piscensis
594 4786 691 4849 Petro
715 4807 784 4862 suo,
813 4787 879 4848 ludi
903 4787 1060 4868 magistro
1090 4788 1132 4849 ad
1156 4808 1180 4849 s.
1206 4786 1387 4850 Henricum
1410 4809 1434 4850 s.
1458 4807 1489 4868 p.
1513 4787 1544 4851 d.
1558 4801 1585 4844 a

94 4887 131 4952 Si
154 4888 265 4951 salvus
288 4909 332 4964 es,
357 4891 450 4953 Petre
474 4892 527 4965 mi,
558 4900 590 4952 et
618 4911 776 4972 prospera
799 4890 916 4953 frueris
939 4910 1027 4968 aura,
1057 4891 1141 4952 bene
1165 4899 1222 4961 est,
1253 4889 1346 4954 laveo
1369 4892 1435 4954 tibi.
1473 4891 1547 4974 Ego

94 4993 183 5055 enim
207 5003 240 5055 et
263 4996 358 5056 vitam
383 5014 445 5076 ago
470 5005 501 5057 et
526 4996 646 5057 bonam
671 4995 899 5070 valetudinem,
923 5015 1007 5075 quae
1031 4995 1108 5056 mihi
1125 4995 1156 5055 in
1173 5015 1247 5056 meo
1264 4995 1375 5057 itinere
1392 4996 1547 5057 comitem

96 5116 132 5160 se
155 5096 283 5160 addidit
306 5107 339 5159 et
363 5098 517 5160 Venetias
542 5119 646 5178 nsque
669 5100 786 5160 viatico
810 5107 1013 5180 prosequuta
1040 5107 1098 5160 est.
1137 5099 1198 5174 Tu,
1227 5101 1253 5161 si
1284 5100 1403 5161 sanitas
1427 5107 1459 5160 te
1482 5119 1548 5161 non

98 5200 252 5277 deseruit,
283 5202 408 5277 studiis
440 5202 549 5283 quoad
582 5202 677 5278 vales,
709 5203 870 5263 incumbe.
918 5201 990 5282 Ego
1014 5221 1101 5264 nunc
1125 5213 1156 5263 te
1179 5203 1353 5265 certiorem
1377 5202 1483 5264 lacere
1507 5201 1549 5264 de

99 5304 181 5367 meis
204 5305 320 5369 studiis
344 5326 403 5368 nec
428 5309 496 5369 scio
519 5326 579 5368 nec
603 5325 748 5389 possum.
788 5306 946 5367 Nondum
973 5306 1058 5368 enim
1087 5306 1251 5368 Patavium
1276 5305 1373 5389 attigi.
1411 5305 1590 5369 Martius-a
