3674 5858
600 437 693 490 Racek
712 439 795 489 Petru
814 436 1013 504 Opalirtskemu
1035 469 1073 489 -.
1526 442 1561 492 21

105 646 144 707 ln
167 646 227 707 illis
247 649 432 726 praeceptis
455 648 624 709 tradendis
647 646 874 726 Quintilianus,
904 648 1106 727 Asconius,¹)
1138 650 1359 734 Victorinus2)
1384 651 1560 733 pluresque

105 750 159 812 alii
193 751 413 813 elaborarunt.
447 749 564 814 Studia
599 753 680 813 haec
715 762 884 815 oratorum
919 773 1002 832 pene
1036 754 1234 816 interierunt.
1269 752 1321 816 Tu
1355 756 1562 836 temporibus

104 855 228 917 nostris
253 854 394 933 florebis,
425 857 456 918 in
480 857 600 937 quibus
622 858 719 937 pauci
742 858 958 936 reperiuntur,
982 859 1037 938 qui
1060 857 1280 939 eloquentiam
1304 857 1449 920 calleant.
1484 858 1561 920 Plu-

106 959 198 1021 ribus
227 970 263 1021 tu
288 960 461 1023 virtutibus
492 959 606 1039 polles,
637 980 719 1041 quas
743 959 862 1022 referre
892 959 1011 1023 nullius
1034 956 1235 1040 est'operae
1265 962 1358 1042 pretii
1382 958 1465 1045 (sic).
1502 961 1562 1024 Est

105 1062 257 1141 prolecto
288 1063 363 1126 loco
395 1063 542 1126 miraculi
573 1064 763 1128 habendum
793 1084 895 1128 unum
924 1065 1068 1127 existere
1104 1065 1313 1143 Rodericum,
1347 1067 1403 1148 qui
1433 1068 1464 1127 in
1494 1064 1561 1129 tam
1587 1084 1601 1125 a

106 1167 310 1246 praeclaram
334 1168 461 1249 frugem
485 1168 629 1231 evaserit.
656 1168 798 1231 Multum
822 1169 925 1232 debes
948 1178 1092 1246 naturae,
1120 1189 1205 1251 quae
1227 1180 1260 1232 te
1283 1171 1332 1233 his
1356 1170 1497 1248 dotibus,
1519 1171 1562 1233 de

105 1272 228 1352 quibus
251 1282 283 1334 te
306 1273 533 1352 superioribus
556 1272 656 1335 literis
678 1293 745 1335 non
765 1273 884 1335 invitus
907 1273 1072 1343 admonui,
1097 1273 1282 1336 ornandum
1305 1274 1410 1336 duxit.
1434 1273 1561 1336 Paucos

103 1375 156 1437 vel
181 1377 291 1455 potius
314 1375 420 1438 nullos
436 1396 508 1438 mea
532 1377 610 1439 vidit
632 1387 731 1454 aetas,
753 1379 784 1439 in
808 1397 892 1458 quos
914 1386 1041 1439 tantum
1059 1378 1205 1439 beneficii
1229 1387 1344 1440 natura
1359 1377 1559 1440 contulisset.

108 1478 193 1541 Vale
217 1500 336 1561 meque
361 1490 476 1542 mutuo
502 1480 653 1563 diligas.³)

777 1845 883 1908 XXV.

511 2001 655 2073 Racek
684 2001 812 2074 Petru
842 2000 1157 2096 Opalir'rskemu.

192 2239 222 2244 —-
295 2207 400 2274 Raduje
420 2226 459 2272 ee,
484 2208 516 2259 ie
537 2225 583 2261 mu
603 2208 688 2275 poslal
707 2207 753 2259 list
772 2224 842 2260 ana
861 2206 905 2274 nej
930 2225 948 2258 v
966 2207 1021 2258 dall
1041 2207 1231 2274 nezapomnel
1257 2206 1265 2258 i
1291 2205 1388 2274 slibuje
1411 2207 1556 2275 vzajemne

96 2294 253 2362 platelstvl.
273 2293 380 2361 Detuje
399 2311 432 2347 za
451 2295 626 2362 pozdraveni,
642 2293 686 2361 jez
706 2311 751 2346 mu
766 2293 880 2346 vzkazal
893 2293 1032 2347 Stauislav
1044 2295 1189 2361 Ostrorog,
1208 2310 1225 2345 a
1244 2293 1375 2361 vzkazuje
1387 2310 1435 2347 mu
1448 2294 1557 2346 tolikei.

98 2380 184 2447 (List.
204 2381 260 2433 tist.
288 2380 337 2433 ela.
356 2380 441 2443 XVI.)

192 2626 376 2689 Rodericus
399 2626 576 2689 Dubravus
601 2627 699 2689 Petro
720 2626 899 2707 Opalenski
923 2628 1083 2689 canonico
1106 2636 1139 2688 et
1161 2627 1293 2689 custodi
1317 2627 1560 2707 Posnaniensi⁴)
1576 2657 1601 2699 10

100 2753 129 2793 s.
145 2732 177 2794 d.
201 2732 379 2813 Postquam
402 2733 515 2811 accepi
532 2731 639 2793 literas
661 2742 743 2807 tuas,
767 2729 862 2793 Petre
878 2731 1107 2807 amantissime,
1130 2750 1197 2792 non
1213 2731 1307 2811 potui
1323 2750 1390 2793 non
1414 2732 1561 2792 maximo

100 2835 218 2898 exilire
234 2837 372 2919 gaudio;
396 2845 489 2897 erant
508 2835 595 2897 enim
611 2836 789 2898 verborum
812 2834 989 2915 splendore
1015 2834 1189 2918 elegantes,
1212 2855 1256 2897 ex
1278 2836 1400 2916 quibus
1416 2835 1559 2898 intellexi

101 2952 138 3002 te
154 2950 299 3003 nostram
323 2940 579 3016 familiaritatem,
603 2959 703 3021 quam
718 2960 762 3002 ex
785 2959 915 3001 morum
939 2949 971 3001 et
987 2940 1173 3001 studiorum
1196 2938 1405 3003 similitudine
1428 2950 1556 3004 contra-

103 3046 225 3118 ximus,
248 3045 407 3106 memoria
429 3044 577 3107 nondum
600 3043 804 3125 deposuisse.
835 3043 894 3106 Est
917 3045 944 3106 is
967 3044 1116 3124 prolecto
1140 3047 1187 3106 vir
1210 3046 1369 3126 ingenuus
1392 3055 1492 3127 atque
1514 3047 1561 3107 in-

103 3149 251 3211 credibili
268 3149 478 3225 humanitate,
501 3149 556 3228 qui
580 3167 655 3210 cum
676 3149 707 3211 in
723 3148 872 3210 ineundis
894 3157 965 3210 tum
989 3150 1086 3210 etiam
1109 3149 1141 3210 in
1156 3149 1330 3211 retinendis
1345 3150 1559 3212 amicitiarum
1577 3177 1601 3218 ra

103 3252 224 3316 studiis
253 3263 302 3314 est
332 3253 485 3332 optimus.
520 3250 685 3331 Quocirca
716 3252 776 3315 erit
799 3262 831 3314 et
855 3252 1064 3314 humanitatis
1091 3272 1184 3314 meae
1208 3264 1240 3314 et
1271 3251 1376 3329 olficii,
1408 3253 1441 3315 id
1466 3254 1559 3335 quod

103 3358 189 3420 dum
204 3376 352 3420 essemus
367 3366 566 3439 praesentes,
589 3355 657 3431 leci,
680 3367 713 3418 te
728 3376 860 3418 summo
881 3375 994 3418 amore
1018 3357 1182 3438 prosequi.
1207 3355 1295 3418 Nihil
1311 3378 1331 3418 a
1346 3377 1399 3419 me
1414 3367 1559 3438 praeter·

103 3464 253 3525 mittetur
276 3462 437 3524 amicitiae
466 3471 576 3523 tecum
605 3460 870 3538 constituendae;
901 3460 976 3522 lacit
999 3461 1063 3522 hoc
1087 3470 1143 3522 tua
1166 3462 1295 3543 egregia
1317 3463 1428 3538 virtus,
1461 3472 1497 3524 ut
1519 3461 1560 3537 hi,

103 3567 218 3649 quiin
241 3585 380 3629 numero
410 3566 579 3628 hominum
603 3565 713 3627 haberi
738 3564 860 3641 volunt,
889 3576 979 3627 tuam
1002 3566 1176 3627 amicitiam
1207 3585 1338 3627 summo
1366 3565 1475 3628 studio
1499 3585 1558 3628 ex-

104 3671 285 3753 petendam
301 3690 375 3733 esse
391 3669 521 3732 ducant.
546 3669 622 3732 Mea
644 3689 775 3749 semper
792 3667 850 3730 luit
868 3670 1036 3742 sententia,
1059 3689 1134 3731 cum
1151 3668 1201 3732 his
1216 3670 1404 3732 hominibus
1420 3689 1558 3732 consue·
1574 3698 1601 3740 ω

103 3775 265 3851 tudinem,
287 3774 461 3836 amicitiam
479 3775 705 3855 rationemque
720 3774 860 3855 iungere,
878 3775 909 3835 in
929 3773 1049 3854 quibus
1065 3773 1173 3836 studia
1188 3773 1323 3850 virtutis,
1342 3773 1562 3850 humanitatis,

104 3882 277 3945 doctrinae
301 3878 479 3960 plurimum
510 3880 663 3941 existunt.
698 3877 755 3953 Ea,
787 3896 871 3959 quae
894 3877 1009 3939 scribis
1032 3877 1074 3939 de
1097 3877 1233 3941 domino
1256 3875 1420 3940 Stanislao
1443 3876 1561 3940 Ostro-

105 3982 206 4068 rog,⁶)
238 3985 293 4066 qui
321 3983 399 4046 mihi
430 4003 490 4045 suo
521 3985 652 4045 nomine
685 3982 822 4044 salutem
848 3982 1013 4045 ascribere
1043 3983 1143 4058 iussit,
1173 3991 1249 4044 sunt
1272 3981 1348 4044 mihi
1372 3982 1561 4063 gratissima.

106 4090 171 4153 Est
194 4091 219 4152 is
241 4090 297 4165 vir,
320 4107 428 4170 quem,
451 4087 530 4150 dum
554 4088 631 4148 mihi
655 4087 719 4148 vita
741 4096 903 4167 suppetet,
927 4105 1108 4167 numquam
1131 4106 1250 4163 amare,
1275 4086 1391 4163 colere,
1416 4086 1562 4149 venerari

104 4195 266 4257 desinam.
299 4191 514 4272 Quapropter
537 4200 570 4261 te
594 4190 713 4272 quibus
737 4210 873 4270 possum
904 4188 1058 4269 precibus
1080 4200 1113 4251 et
1136 4210 1196 4252 oro
1220 4200 1252 4252 et
1275 4190 1428 4268 obsecro,
1458 4191 1484 4253 si
1507 4189 1561 4252 ali·
1575 4219 1602 4262 ἦ

104 4298 243 4381 quando
266 4297 429 4378 adipsum
454 4306 528 4358 tuas
551 4294 660 4357 literas
676 4293 888 4376 perferendas
911 4293 1049 4370 curabis,
1074 4314 1126 4356 me
1149 4295 1177 4356 ei
1194 4294 1369 4374 plurimum
1393 4313 1561 4357 commen·

108 4403 182 4465 des
205 4399 326 4483 Vale.⁰)

107 4577 299 4587 ..ae---n-

198 4663 216 4727 ¹)
234 4658 373 4712 Asconius
391 4656 538 4718 Pedianus,
556 4656 661 4724 llmsliy'
679 4655 854 4725 grammatik,
873 4655 957 4708 uditel
976 4655 1172 4724 Quintiliandv.

196 4766 216 4833 l)
234 4763 395 4816 Victorinus
412 4760 568 4823 Africanus,
586 4761 684 4829 slavny
702 4760 874 4827 grammatit
893 4759 935 4811 111.
955 4759 1017 4812 stol.

197 4852 220 4909 ³)
239 4851 263 4905 0
282 4849 397 4902 vredenl
416 4847 460 4901 viz
478 4848 635 4916 poznamlru
653 4848 670 4898 k
690 4847 753 4899 listu
773 4847 957 4914 pledeslemu.

197 4958 220 5023 ⁴)
237 4955 370 5009 Adreasat
394 4954 446 5007 alul
476 4953 595 5020 spravne
619 4951 763 5019 Opalirlski
792 4970 808 5004 a
833 4951 878 5021 byl
904 4951 1007 5020 nejspls
1032 4968 1083 5019 syn
1110 4951 1245 5005 Mikulase
1273 4952 1418 5004 lastellma
1442 4951 1562 5021 llliedzy·

104 5042 258 5099 rzeckeho.

197 5145 218 5216 ³)
236 5146 294 5215 Jest
311 5153 341 5198 to
359 5144 517 5213 proslulkho
534 5142 656 5196 statnlka
674 5141 808 5209 polslieho
825 5141 894 5210 Jana
912 5142 1065 5210 Ostroroga
1078 5159 1140 5209 syn,
1159 5142 1236 5209 ktery
1253 5140 1375 5208 takjalio
1392 5142 1483 5210 nekdy
1498 5151 1561 5196 otec

103 5255 125 5291 v
144 5231 268 5288 Bononii
286 5231 413 5285 studoval
430 5248 447 5283 a
464 5248 478 5283 a
498 5229 620 5284 Raclrem
639 5245 669 5281 se
688 5226 831 5281 seznamil.

200 5336 221 5406 ⁸)
239 5337 281 5390 Ke
299 5333 414 5388 vrodenl
431 5334 530 5386 tohoto
548 5331 614 5385 lietu
633 5331 742 5384 nevlme
761 5331 906 5400 pomdcek.
