3674 5858
211 404 246 457 46
628 409 734 463 Vaclav
752 408 873 478 Ptsecty
892 407 985 477 Mateji
1004 409 1173 464 Rorambovi
1193 410 1267 463 1510.

211 619 319 701 fragor
343 621 465 683 circum
499 621 704 684 Venetorum
735 623 815 686 fines
839 621 988 702 undique
1018 633 1159 700 resonat,
1188 633 1333 687 attamen
1356 644 1423 705 pax
1453 635 1486 687 et
1516 625 1562 688 Vr

210 735 244 786 et
269 723 401 786 Paduae
423 724 614 789 celebratur.
638 725 777 789 Martius
799 726 852 789 ille
876 725 970 788 labor
986 726 1074 788 hunc
1090 727 1216 789 exitum
1233 727 1356 790 habere
1370 729 1470 810 cupit,
1491 739 1528 793 ut
1545 729 1562 792 l

210 830 253 918 ab
280 828 418 908 imperio
448 839 620 893 exuantur.
664 829 766 910 Quod
796 829 946 911 profecto
975 839 1044 892 tam
1068 829 1118 893 alii
1150 832 1275 908 timent,
1310 853 1409 914 quam
1440 833 1493 896 alii
1517 832 1562 897 lut

211 943 420 1015 augurantur.
455 932 535 995 Mihi
557 943 667 996 tamen
691 935 776 997 bella
799 955 840 997 an
863 933 985 1016 aliquid
1010 943 1042 996 et
1065 954 1107 996 an
1130 936 1269 998 multum
1293 956 1414 1000 nocere
1437 937 1562 1016 possint

185 1047 336 1100 atemere
358 1037 547 1100 definierim.
579 1036 675 1101 Certe
698 1040 731 1101 in
754 1038 961 1101 Venetorum
984 1037 1141 1101 ditionem
1172 1060 1238 1102 non
1262 1040 1362 1103 iuravi
1386 1050 1418 1103 et
1442 1040 1562 1103 Paduar

211 1141 255 1202 ita
278 1159 331 1202 me
354 1140 476 1216 addixi,
499 1152 535 1204 ut
558 1141 739 1205 Bononiam
764 1153 875 1222 petere
899 1161 965 1205 non
987 1143 1121 1223 possim.
1159 1142 1324 1225 Quicquid
1352 1144 1455 1216 fuerit
1479 1164 1562 1226 cogn

212 1244 308 1317 brevi,
331 1245 358 1306 si
380 1254 585 1307 commeatus
607 1265 674 1308 non
696 1244 793 1309 luerit
815 1247 1005 1328 denegatus.
1051 1246 1105 1310 Tu
1128 1249 1265 1325 interim,
1298 1249 1341 1310 mi
1364 1249 1466 1324 Petre,
1498 1249 1562 1312 etl

210 1359 243 1410 et
265 1349 420 1428 pecunias
443 1369 652 1430 persequere.
676 1349 769 1413 Meas
791 1352 888 1414 etiam
913 1371 965 1413 res
987 1359 1054 1412 tam
1075 1350 1245 1432 diligenter
1260 1352 1460 1429 administra,
1484 1372 1562 1434 quar

203 1452 262 1514 tibi
285 1472 341 1515 eas
364 1454 512 1515 commisi
534 1452 738 1516 familiariter.
760 1454 881 1517 Libros
912 1475 973 1536 pro
1000 1475 1037 1516 ea
1055 1455 1202 1536 pecunia,
1218 1475 1318 1537 quam
1335 1457 1562 1538 consignavi,v

171 1575 195 1618 ro
209 1554 296 1618 Nam
319 1557 345 1618 si
368 1558 502 1620 minoris
525 1558 651 1634 vellent,
673 1559 775 1620 satius
798 1568 856 1634 est,
880 1568 916 1621 ut
938 1558 1028 1638 apud
1051 1568 1084 1621 te
1101 1559 1250 1621 retineas.
1275 1556 1342 1622 Sed
1359 1560 1401 1622 de
1418 1560 1480 1623 hac
1497 1572 1561 1623 ret

207 1660 335 1740 plenius
358 1660 504 1724 disserui.
528 1661 654 1725 Omnes
677 1661 747 1724 illas
768 1663 959 1724 chartaceas
982 1660 1209 1742 supellectiles,
1234 1683 1319 1745 quae
1353 1665 1385 1726 in
1410 1665 1526 1727 minori
1545 1684 1562 1726 c

208 1765 378 1841 habentur,
402 1767 502 1846 cupio
525 1766 683 1829 custodiri
707 1767 853 1829 intactas.
893 1765 990 1828 Nunc
1013 1765 1056 1828 ad
1079 1776 1112 1828 te
1135 1769 1257 1846 paucis,
1288 1769 1364 1849 quia
1387 1768 1562 1831 diversorii

207 1869 368 1931 tumultus
391 1868 444 1932 ille
467 1869 636 1950 popularis
666 1891 732 1933 non
755 1870 913 1951 permittit
944 1870 1072 1952 longius
1095 1872 1234 1953 evagari.
1278 1872 1497 1953 Posteaquam
1527 1893 1562 1935 ve

210 1973 403 2053 penitiorem
426 1993 479 2035 me
502 1993 670 2043 secessum
694 1975 881 2037 studiorum
905 1993 1073 2055 recepero,
1104 1994 1199 2056 agam
1223 1985 1332 2037 tecum
1356 1975 1515 2055 pluribus.

173 2094 272 2159 rnego
295 2078 326 2138 in
351 2076 459 2139 literas
481 2096 616 2159 graecas
639 2088 671 2140 et
695 2066 845 2140 manibus
877 2073 927 2160 (ut
951 2077 1014 2139 dici
1037 2077 1133 2155 solet)
1160 2090 1192 2139 et
1216 2079 1357 2158 pedibus
1380 2080 1474 2141 vado.
1520 2079 1562 2142 Vr

210 2180 388 2261 plebanum
411 2182 541 2243 nomine
564 2201 640 2243 meo
663 2180 776 2243 saluta.
799 2177 1016 2243 Sacerdotem
1039 2181 1210 2263 Jacobum,
1233 2182 1297 2244 divi
1321 2182 1450 2246 Nicolai
1472 2183 1562 2263 pleba

210 2305 235 2347 s.
258 2284 370 2360 Koral,
400 2285 453 2346 cui
475 2303 538 2366 ego
561 2283 720 2364 speciales
751 2284 859 2347 literas
892 2286 1020 2347 mittere
1049 2286 1289 2348 destinaveram
1320 2307 1396 2349 cum
1424 2306 1562 2349 munere

211 2389 389 2467 portitores
419 2388 630 2470 adgravasset
659 2387 729 2451 illas
752 2388 844 2466 serre,
874 2409 898 2450 s.
922 2388 1074 2453 Marcum
1104 2400 1137 2452 et
1165 2390 1373 2453 Victorinum
1403 2392 1528 2455 amicos
1559 2414 1562 2454 1

211 2491 295 2554 Vale
318 2493 446 2554 iterum.
485 2493 590 2555 Datae
622 2493 769 2556 Venetiis
797 2495 880 2555 intra
910 2490 1074 2556 Calendas
1103 2494 1216 2576 Junias
1247 2514 1334 2557 anno
1358 2493 1476 2558 Christi
1502 2494 1562 2558 Ml

890 2786 978 2851 XIV.

503 2925 669 2999 Vaclav
696 2924 878 3022 Ptsectry'
908 2925 1052 3022 Mateji
1082 2924 1355 2998 Korambovi.

296 3115 331 3180 (v
351 3114 491 3178 ΒοηοηΙΙ)
510 3114 587 3169 reto
606 3145 638 3153 -
658 3116 706 3168 14.
727 3115 836 3169 dubna.
868 3115 932 3168 Ptse
956 3113 1040 3184 lecky
1063 3113 1117 3176 list,
1141 3112 1227 3166 nikoli
1251 3114 1305 3182 aby
1329 3131 1360 3166 se
1384 3113 1559 3181 pochlubilz

209 3201 324 3270 lcdtiny,
343 3200 429 3271 nybrl
447 3201 501 3270 aby
519 3219 550 3254 se
567 3201 701 3270 pocvidil;
720 3202 806 3255 nebot
823 3219 859 3269 po
878 3201 939 3271 cely
959 3200 1008 3255 rolr
1027 3201 1110 3269 lecky
1129 3218 1159 3253 se
1173 3200 1272 3263 neudil,
1292 3200 1324 3253 ai
1339 3201 1404 3269 nynl
1417 3218 1433 3252 v
1448 3201 1558 3254 Bononi

209 3288 309 3356 potina
326 3291 376 3358 pry'
395 3306 425 3342 se
443 3287 526 3351 uciti;
545 3287 552 3340 i
571 3288 646 3357 prosi
665 3305 698 3341 za
716 3287 879 3357 poshovenl,
898 3286 1059 3357 pochybilli
1078 3287 1176 3341 nekde.
1205 3287 1285 3354 (List.
1305 3287 1363 3355 rlrp.
1382 3287 1429 3339 ets.
1450 3288 1521 3353 XV.)

170 3477 197 3519 2⁰
298 3465 492 3529 Vinceslaus
506 3475 633 3528 amator
649 3466 772 3545 patriae
789 3466 933 3528 Boemus
949 3465 1093 3529 Mathiae
1108 3464 1298 3528 Chorambo
1314 3464 1513 3527 benefacere.
1536 3465 1561 3530 S

210 3589 348 3632 numero
378 3570 541 3632 incidebat
573 3570 660 3647 mihi,
694 3592 714 3633 0
746 3570 881 3650 pulcher
911 3571 1024 3646 amice,
1052 3589 1142 3631 meas
1175 3567 1218 3631 ad
1252 3578 1285 3629 te
1312 3578 1349 3630 ut
1379 3570 1506 3631 mittam
1542 3569 1562 3632 li

209 3693 323 3736 verum
346 3673 484 3736 difficilis
508 3694 559 3735 res
580 3672 648 3750 fuit,
671 3675 772 3737 immo
796 3675 1007 3755 impossibilis
1038 3675 1101 3736 hoc
1132 3674 1296 3753 praesenti
1325 3671 1545 3735 infelicissimo

209 3799 300 3858 pore,
331 3779 466 3859 quando
497 3777 613 3855 Marte,
644 3779 815 3842 hominum
847 3779 1022 3859 perditore,
1056 3779 1177 3858 passim
1208 3775 1430 3839 tumultuante
1463 3778 1495 3839 in
1526 3798 1562 3839 re

209 3883 295 3944 circa
326 3881 481 3945 Venetias
511 3881 619 3945 nullus
650 3881 851 3944 Boemorum
882 3881 983 3944 audet
1013 3881 1136 3943 ltaliam
1166 3880 1317 3960 adusque
1346 3880 1512 3943 accedere.
1560 3881 1562 3941 ζ

168 3986 317 4068 sitaque
339 3998 557 4067 posteaquam
582 3985 683 4049 ltalus
714 3986 849 4067 quidam
879 3996 1045 4048 mercator
1076 3985 1223 4047 Bononia
1254 3984 1401 4046 discessit
1431 3984 1472 4045 ad
1505 3983 1562 4046 Bor¹

208 4090 295 4151 volui
319 4091 473 4170 equidem
496 4090 580 4153 hanc
603 4089 645 4151 ad
667 4100 700 4152 te
724 4089 896 4170 epistolam
919 4091 1148 4166 transmittere,
1170 4108 1236 4151 non
1253 4089 1387 4169 quidem
1404 4109 1520 4151 caussa
1536 4090 1562 4150 ia

209 4193 271 4255 tiae
302 4193 492 4256 Helladicae
520 4194 620 4270 vocis,
648 4194 707 4256 sed
737 4194 897 4256 amicitiae
927 4202 1060 4255 nostrae
1089 4194 1192 4276 gratia
1222 4202 1424 4273 propterque
1454 4193 1562 4254 exerci

209 4298 299 4379 quod
323 4300 355 4359 in
378 4298 621 4361 conscribendo
644 4297 780 4361 multam
806 4298 972 4379 quandam
1003 4298 1103 4360 habet
1125 4298 1287 4372 virtutem,
1318 4299 1472 4377 quoniam
1496 4315 1562 4358 serr

208 4411 301 4483 gutta
324 4404 477 4469 continue
500 4421 601 4483 agens
624 4422 742 4464 saxum
767 4412 869 4464 cavat.
894 4402 987 4465 Haec
1011 4403 1108 4484 igitur
1131 4421 1194 4482 ego
1218 4401 1276 4462 tibi
1296 4401 1430 4482 quidem
1446 4401 1562 4479 scripsi

167 4514 194 4557 ³0
209 4515 244 4567 ut
267 4505 432 4568 lasciviam
456 4526 518 4589 ego
541 4517 574 4568 te
597 4526 719 4582 coram,
742 4506 841 4569 veluti
864 4507 920 4587 qui
947 4505 1063 4586 plenus
1088 4505 1165 4567 mihi
1188 4504 1300 4567 videar
1324 4505 1453 4567 Atticae
1477 4504 1562 4566 dulc«

207 4619 240 4671 et
263 4609 421 4689 Hymetti.
446 4609 522 4671 Non
546 4611 590 4672 ita
605 4610 690 4672 adeo
708 4610 820 4672 audax
836 4629 906 4692 ego,
929 4630 1036 4690 neque
1053 4610 1117 4672 hoc
1134 4609 1309 4688 suspiceris
1325 4610 1367 4671 de
1385 4628 1445 4685 me,
1468 4609 1523 4689 qui
1540 4628 1562 4669 e⁴

207 4713 285 4776 illud
322 4713 367 4776 sic
402 4714 433 4775 in
467 4714 596 4776 instanti
630 4724 664 4776 et
698 4733 799 4794 parvo
835 4714 955 4776 decens
990 4724 1040 4776 est
1072 4724 1231 4793 tempore,
1268 4714 1358 4795 quod
1393 4722 1425 4774 et
1459 4732 1517 4793 per
1557 4733 1562 4772 r

206 4838 327 4879 annum
351 4818 486 4880 omnino
509 4818 702 4897 inexpertus
726 4826 758 4879 et
781 4837 848 4880 non
875 4818 1005 4880 auditor
1035 4817 1143 4900 graeci
1173 4817 1333 4880 sermonis
1363 4816 1444 4898 iui.¹)
1484 4816 1562 4878 Prae

206 4925 276 4983 veni
307 4923 338 4984 in
362 4921 509 4984 scholam
534 4921 681 4984 Italicam
711 4930 863 5001 tempore
895 4924 1156 5002 perimportuno,
1186 4920 1319 5000 quando
1351 4931 1486 5001 propter
1518 4931 1562 4983 ter

168 5035 355 5088 uecrarum
379 5036 411 5088 et
435 5027 577 5107 pessime
600 5026 743 5106 perdens
773 5025 896 5088 bellum
924 5026 1016 5088 multi
1048 5025 1182 5108 quidem
1215 5025 1370 5087 doctores
1395 5023 1562 5087 Pataviol

215 5129 385 5206 dederunt,
408 5131 479 5211 ipsa
502 5150 580 5192 vero
603 5130 691 5193 varia
714 5129 882 5192 literarum
905 5129 1013 5191 studia
1036 5129 1185 5190 universa
1208 5129 1389 5207 interrupta
1412 5137 1496 5189 sunt.
1531 5126 1561 5189 E

304 5318 322 5376 ¹)
344 5317 415 5370 Veta
433 5333 483 5386 pro
502 5316 620 5387 nejalrou
639 5333 749 5371 mezeru
768 5315 1008 5373 nesrozumitetnt.
