3674 5858
619 406 692 462 VIII.
711 406 804 460 Racek
822 405 947 460 Kristosu
967 405 1147 460 Scheuerlovi
1166 406 1242 460 1499.

894 688 980 752 v111.

596 828 742 902 Racek
769 824 956 900 Kristofu
985 826 1270 902 Scheuerlovi.

290 999 325 1066 (v
345 999 522 1054 nonttkton
548 999 637 1053 1499
658 1029 689 1037 -
709 1013 727 1054 ν
746 999 814 1069 llst.)
844 997 984 1071 VyJImaje
1007 1001 1104 1053 oviem
1128 999 1273 1053 adresseta
1296 997 1446 1070 vypravuje
1470 1015 1488 1052 0
1510 997 1658 1067 nestfilych

203 1087 397 1157 enevernpch
416 1086 560 1154 pittellch,
577 1102 593 1140 z
612 1085 695 1139 nichl
710 1085 792 1155 jeden
811 1088 862 1156 pry
884 1104 919 1156 po
935 1085 1003 1154 jeho
1021 1085 1151 1139 odchodu
1176 1102 1193 1138 o
1212 1083 1334 1154 majetlru
1351 1083 1417 1154 jeho
1436 1086 1511 1140 chtel
1529 1083 1659 1139 dolionce

203 1172 384 1228 rozhodovati
412 1174 553 1227 svevolne.
590 1172 707 1242 Naproti
730 1181 807 1227 tornu
834 1172 929 1227 chlubl
952 1190 984 1227 se
1005 1172 1150 1242 mnohymi
1182 1171 1309 1241 dobrymi
1333 1172 1431 1241 plfiteli
1457 1170 1529 1226 mezi
1553 1170 1661 1240 Polflty

203 1280 219 1315 a
244 1250 346 1329 Cechy,
370 1260 378 1313 i
403 1259 495 1329 varuje
520 1259 643 1314 Kristofa
656 1260 817 1314 dnverneho
839 1259 977 1314 obcovmt
1002 1259 1135 1330 skymai,
1150 1258 1234 1328 jehoi
1250 1259 1346 1328 jmena
1363 1259 1491 1313 neuvidl.
1522 1259 1660 1313 Konedne

204 1347 358 1415 oznamuje,
377 1346 409 1401 ie
428 1348 512 1401 adrev
530 1348 620 1401 dostal
639 1364 669 1400 se
687 1348 724 1401 do
742 1346 876 1400 Benttelr.
909 1346 990 1414 (List.
1009 1347 1065 1400 nst.
1085 1345 1135 1399 cla.
1154 1346 1240 1413 XXI.)

292 1542 476 1606 Rodericus
506 1542 683 1605 Dubravus
714 1540 921 1606 Christosoro
951 1539 1110 1605 Scheuerl
1141 1537 1420 1622 Nornbergensi)
1443 1561 1468 1604 s.
1491 1540 1524 1604 d.
1563 1538 1660 1621 Quae

206 1648 247 1710 ad
271 1647 484 1709 amicitiarum
508 1647 617 1709 studia
640 1647 843 1710 concilianda
866 1648 1030 1727 pertinere
1052 1645 1212 1720 videntur,
1238 1645 1282 1707 mi
1304 1641 1517 1721 Christosore,
1539 1664 1580 1707 ea
1600 1645 1661 1707 tibi

206 1752 349 1815 scribere
372 1751 415 1814 de
431 1750 590 1813 industria
613 1749 848 1831 praetermitto.
871 1749 907 1815 Si
928 1750 961 1813 in
983 1751 1034 1813 his
1049 1749 1158 1826 literis,
1181 1769 1264 1830 quas
1286 1749 1329 1811 ad
1345 1759 1378 1811 te
1400 1750 1504 1826 mitto,
1527 1767 1659 1828 semper

206 1866 337 1918 nostrae
359 1854 582 1918 familiaritatis
605 1855 804 1917 mentionem
828 1853 936 1917 iacere
959 1873 1118 1930 curarem,
1148 1873 1215 1916 non
1238 1853 1315 1915 mihi
1338 1852 1477 1916 dubium
1498 1862 1558 1929 est,
1581 1852 1660 1934 quin

207 1969 315 2022 essent
340 1959 452 2040 aliqui,
483 1959 539 2039 qui
568 1969 715 2021 nostram
745 1959 921 2021 amicitiam
952 1977 1102 2020 mancam
1133 1977 1172 2021 ac
1195 1956 1338 2020 debilem
1368 1976 1442 2020 esse
1467 1957 1659 2032 iudicarent,

179 2085 315 2145 squam,
338 2064 398 2126 nisi
422 2062 521 2125 literis
536 2071 782 2140 sustentaretur,
805 2063 993 2126 labefactari
1016 2061 1109 2125 facile
1131 2081 1232 2142 posse
1254 2061 1410 2125 dicerent.
1433 2060 1511 2125 Non
1528 2059 1560 2123 id
1576 2061 1660 2123 inter

206 2189 268 2231 nos
291 2167 480 2248 contingere
504 2167 619 2246 potuit,
642 2164 733 2246 quod
746 2167 829 2229 inter
853 2167 1039 2248 plerosque.
1055 2165 1210 2229 Existunt
1233 2165 1390 2242 nonnulli,
1413 2165 1469 2246 qui
1492 2163 1659 2246 principio

206 2272 379 2334 amicitiam
403 2269 605 2333 sanctissime
628 2269 750 2347 colunt,
779 2269 898 2333 deinde
921 2290 999 2335 vero
1023 2270 1126 2333 multa
1148 2268 1278 2347 iaciunt,
1307 2289 1393 2352 quae
1415 2270 1520 2332 aliena
1542 2277 1661 2332 sunta

207 2375 447 2438 necessitudine
470 2375 633 2453 ipsorum:
656 2374 752 2437 nullis
774 2394 834 2437 nec
859 2374 1025 2438 beneficiis
1043 2392 1104 2437 nec
1128 2373 1310 2437 honoribus
1333 2394 1369 2437 se
1385 2373 1661 2454 complectuntur,

207 2480 296 2560 apud
320 2499 355 2542 se
378 2479 409 2540 in
426 2479 572 2541 maximo
595 2488 672 2541 sunt
694 2478 782 2556 odio,
805 2479 943 2542 invidiae
958 2478 1109 2542 incendio
1135 2478 1280 2562 flagrant,
1302 2477 1472 2541 iracundia
1489 2475 1663 2552 exardent,

207 2605 243 2646 se
265 2583 454 2646 criminibus
485 2581 572 2645 salsis
595 2582 824 2646 dehonestant.
859 2582 935 2646 Non
965 2586 1064 2647 etiam
1094 2583 1127 2646 id
1151 2584 1230 2646 mihi
1251 2604 1270 2645 a
1292 2593 1325 2645 te
1351 2582 1495 2665 contigit,
1526 2579 1619 2663 quod
1641 2599 1662 2641 a

208 2687 415 2769 quibusdam,
446 2687 510 2767 qui,
540 2686 621 2748 dum
651 2706 705 2749 me
728 2698 935 2766 praesentem
966 2689 1141 2766 habebant,
1171 2688 1249 2751 mihi
1279 2707 1315 2750 se
1341 2707 1415 2750 esse
1444 2686 1663 2748 amicissimos

208 2792 289 2855 falso
313 2791 562 2871 profitebantur,
592 2791 682 2871 quod
706 2792 813 2871 ipsum
837 2793 869 2856 in
892 2792 1039 2856 discessu
1063 2813 1138 2857 meo
1162 2792 1235 2856 luce
1258 2791 1376 2855 clarius
1399 2791 1548 2874 cognovi.
1582 2789 1663 2870 Qui-

170 2919 195 2961 rs
209 2898 285 2958 dam
310 2906 345 2957 ut
361 2915 463 2957 novas
486 2895 644 2958 amicitias
668 2897 863 2974 conciliaret,
887 2916 962 2960 curn
978 2916 1065 2960 novo
1088 2918 1150 2961 suo
1171 2897 1279 2961 amico
1301 2897 1344 2961 ad
1361 2916 1414 2959 me
1436 2894 1661 2958 frustrandum

209 3021 267 3081 per
290 2999 533 3062 similitudinem
557 3000 615 3060 viri
638 3000 717 3062 boni
732 3001 911 3063 instructus
934 3012 1076 3080 venerat;
1103 3021 1162 3065 sua
1185 3020 1284 3083 quem
1307 3000 1417 3063 fefellit
1436 2999 1558 3082 opinio.
1582 2996 1663 3061 Cre-

209 3104 308 3166 debat
331 3103 417 3165 enim
440 3104 487 3165 vir
510 3104 619 3166 bonus
642 3106 752 3166 omnia
775 3105 835 3168 sibi
866 3105 963 3167 licere
986 3106 1028 3168 de
1052 3106 1151 3168 rebus
1182 3107 1264 3169 meis
1286 3106 1318 3168 in
1341 3124 1416 3167 meo
1440 3104 1598 3180 discessu,
1628 3113 1662 3166 et

203 3223 334 3286 rapere,
354 3206 444 3268 alteri
461 3207 594 3283 donare,
618 3227 737 3285 emere,
760 3219 858 3288 prout
874 3210 944 3290 ipse
959 3209 1064 3272 vellet.
1088 3208 1165 3273 Non
1181 3230 1271 3273 eram
1286 3219 1354 3272 tam
1370 3209 1504 3272 rationis
1519 3207 1663 3290 ignarus,

209 3322 244 3373 ut
267 3331 310 3372 ex
334 3311 491 3372 sententia
520 3311 615 3372 unius
639 3310 928 3375 malivolentissimi
959 3333 1031 3376 mea
1054 3315 1185 3397 negotia
1215 3314 1359 3397 gerenda
1384 3313 1570 3390 arbitrarer,
1600 3331 1663 3374 nec

169 3425 277 3482 notam
301 3414 438 3476 demens
462 3424 561 3495 atque
584 3415 856 3489 inconsideratus,
880 3426 916 3479 ut
933 3437 981 3493 ea,
1003 3439 1089 3499 quae
1111 3418 1346 3500 consequentia
1369 3416 1505 3495 fuerant,
1527 3435 1666 3479 cernere

208 3539 274 3581 non
298 3521 489 3599 potuissem.
515 3518 574 3581 Est
596 3521 681 3581 enirn
705 3520 907 3599 prudentiae,
931 3542 1015 3603 quae
1038 3543 1124 3604 agas,
1148 3543 1186 3584 ea
1208 3542 1307 3604 agere
1329 3520 1543 3585 considerate.
1568 3521 1664 3584 Ami·

209 3624 301 3686 citias
332 3623 511 3685 multorum
542 3625 628 3700 mihi,
659 3635 818 3705 quantum
845 3627 876 3687 in
907 3645 960 3689 me
991 3627 1058 3700 luit,
1088 3627 1265 3690 conciliavi.
1299 3626 1481 3690 Multorum
1514 3626 1664 3689 virorum

209 3728 367 3790 nobilium
391 3740 460 3789 tum
477 3726 679 3790 Polonorum
703 3739 774 3791 tum
790 3728 991 3794 Boemorum
1015 3730 1238 3794 incredibilem
1261 3749 1335 3793 sum
1351 3739 1550 3793 consecutus
1572 3727 1665 3791 sami·

209 3832 400 3903 liaritatem3
431 3830 540 3893 nullus
563 3851 606 3893 ex
629 3833 709 3912 ipsis
731 3834 880 3896 inventus
902 3846 961 3914 est,
987 3836 1043 3917 qui
1065 3835 1097 3896 in
1120 3855 1173 3897 mc
1195 3834 1403 3898 fraudolento
1433 3844 1520 3897 esset
1542 3833 1666 3912 anime,

169 3959 197 3999 aa
210 3937 287 4017 quin
304 3955 391 3998 nunc
406 3935 561 3997 absentes
576 3936 608 3997 in
632 3955 684 3998 me
707 3947 782 3999 sunt
799 3958 964 4019 propensa
980 3949 1012 4002 et
1029 3951 1188 4020 perpetua
1204 3939 1431 4003 benivolentia.
1453 3937 1664 4002 Perditorum

209 4052 308 4121 atque
331 4041 561 4120 improborum
586 4042 791 4104 conversatio
815 4062 946 4123 semper
968 4052 1126 4123 tanquam
1146 4044 1305 4125 scopulus
1327 4042 1481 4125 fugienda
1503 4052 1561 4105 est.
1586 4041 1666 4106 Non

209 4147 295 4206 enirn
319 4146 457 4223 probavi
480 4155 573 4207 tuum
598 4145 778 4222 consilium,
806 4147 849 4208 mi
873 4146 1084 4224 Christolore,
1114 4148 1204 4228 quod
1228 4158 1261 4210 te
1283 4149 1326 4210 ab
1350 4147 1437 4211 ltalis
1459 4146 1607 4210 alienasti
1630 4156 1665 4210 et

209 4259 242 4310 te
258 4249 308 4310 his
331 4249 518 4327 adiunxisti,
541 4249 595 4329 qui
611 4258 643 4310 te
666 4251 726 4311 etsi
749 4270 816 4314 non
840 4251 962 4313 malum
985 4260 1097 4314 tamen
1120 4253 1297 4329 meliorem,
1319 4270 1396 4316 cum
1411 4253 1473 4332 ipsi
1487 4253 1665 4333 perniciosi

210 4353 281 4429 sint,
305 4353 445 4415 reddere
462 4373 528 4416 non
544 4362 707 4432 poterunt.
731 4352 891 4432 Quisnam
915 4355 941 4416 is
957 4367 1014 4433 est,
1038 4357 1070 4418 in
1086 4376 1184 4437 quem
1208 4367 1275 4419 tam
1291 4357 1502 4420 vehementer
1517 4356 1665 4434 invehor,

170 4458 254 4519 nomi
284 4455 495 4531 Christolore,
536 4477 580 4519 ex
610 4459 711 4538 ipsius
745 4478 897 4521 sermone
930 4469 1030 4540 atque
1061 4460 1251 4541 quotidiana
1286 4461 1536 4524 conversatione
1569 4459 1666 4524 facile

209 4580 412 4642 cognoscere
427 4562 566 4642 poteris;
590 4582 692 4642 parco
709 4563 856 4624 omnium
872 4564 1003 4625 nomini.
1027 4562 1095 4628 Sed
1116 4564 1158 4625 de
1174 4565 1239 4627 hoc
1256 4565 1424 4628 hactenus.
1447 4564 1540 4630 Scias
1556 4566 1666 4643 etiarn,

210 4665 301 4746 quod
325 4663 434 4725 salvus
457 4675 556 4745 atque
572 4664 744 4728 incolumis
768 4665 821 4728 dei
845 4667 1041 4749 benignitate
1065 4667 1253 4747 Venetias²l
1277 4670 1398 4750 appuli.
1429 4669 1481 4732 De
1504 4689 1581 4733 meo
1596 4669 1665 4733 dis·

169 2450 195 2493 10

213 4822 295 4829 *-
308 4824 314 4827 ..
326 4822 419 4828 -..-..

299 4890 319 4950 ’)
338 4889 472 4955 Slovutny'
498 4888 612 4955 pravnllr
637 4905 653 4939 a
678 4889 845 4951 humanista,
870 4890 947 4959 ltery'
975 4907 1030 4944 nar.
1056 4890 1122 4943 1481
1149 4910 1165 4943 v
1191 4890 1382 4962 Norymberce
1406 4893 1535 4946 studoval
1560 4895 1665 4961 napied

210 4994 227 5027 v
247 4976 442 5038 Heidelberlru,
461 4984 555 5043 potom
576 4995 592 5028 v
612 4975 740 5040 Bononii,
759 4977 811 5029 lde
830 4994 850 5029 r.
871 4977 937 5029 1301
958 4978 1040 5047 nabyl
1061 4979 1190 5032 bodnosti
1210 4978 1358 5032 doktorslre
1377 4978 1509 5049 (Aligem.
1528 4980 1666 5033 deutsche

211 5062 395 5130 Biograplrie).

298 5151 319 5209 2)
340 5149 468 5201 Vracel-li
488 5167 517 5202 se
537 5151 645 5202 tenlrrat
664 5150 757 5202 Racek
776 5168 791 5203 z
811 5152 887 5204 ltalie
908 5152 1001 5216 domo,
1020 5151 1132 5222 piipadd
1151 5153 1197 5208 list
1215 5161 1292 5208 tento
1312 5171 1347 5208 na
1359 5172 1380 5208 r.
1396 5153 1471 5208 1501.
1492 5156 1586 5210 Avdalr
1598 5156 1666 5210 nam

211 5237 357 5288 zamlouva
376 5254 406 5289 se
425 5239 499 5303 spise
519 5237 630 5305 poloiiti
647 5236 683 5304 jej
703 5254 739 5289 na
757 5255 777 5291 r.
799 5238 874 5300 1439,
899 5238 969 5307 knyt
988 5241 1081 5293 Racek
1102 5241 1181 5294 konal
1201 5251 1279 5295 cestu
1298 5243 1334 5296 do
1354 5232 1448 5306 lllmm
1468 5243 1554 5296 nebot
1572 5243 1668 5315 kdyby

211 5322 257 5392 byl
277 5324 362 5375 ubiral
382 5342 411 5375 se
431 5325 524 5385 domii,
549 5325 683 5376 nenechal
709 5323 745 5392 by
770 5323 815 5393 byl
834 5326 921 5378 sveho
946 5326 1067 5393 majetlru
1093 5348 1110 5380 v
1130 5329 1249 5381 Bononii
1273 5347 1291 5381 v
1309 5329 1473 5397 opatrovani
1496 5329 1593 5399 platel.
1626 5316 1666 5386 Ze
