<?xml version="1.0" encoding="UTF-8"?>
<!DOCTYPE html PUBLIC "-//W3C//DTD XHTML 1.0 Transitional//EN"
    "http://www.w3.org/TR/xhtml1/DTD/xhtml1-transitional.dtd">
<html xmlns="http://www.w3.org/1999/xhtml" xml:lang="en" lang="en">
 <head>
  <title>
</title>
<meta http-equiv="Content-Type" content="text/html;charset=utf-8" />
  <meta name='ocr-system' content='tesseract 3.04.00' />
  <meta name='ocr-capabilities' content='ocr_page ocr_carea ocr_par ocr_line ocrx_word'/>
</head>
<body>
  <div class='ocr_page' id='page_1' title='image "./dvalistehumanis00vegoog_0089.png"; bbox 0 0 3674 5858; ppageno 0'>
   <div class='ocr_carea' id='block_1_1' title="bbox 202 401 1323 485">
    <p class='ocr_par' dir='ltr' id='par_1_1' title="bbox 202 401 1323 485">
     <span class='ocr_line' id='line_1_1' title="bbox 202 401 1323 485; baseline -0.001 -16"><span class='ocrx_word' id='word_1_1' title='bbox 202 416 238 469; x_wconf 76' lang='lat' dir='ltr'>ro</span> <span class='ocrx_word' id='word_1_2' title='bbox 530 415 669 470; x_wconf 69' lang='lat' dir='ltr'>soniam</span> <span class='ocrx_word' id='word_1_3' title='bbox 687 415 786 484; x_wconf 78' lang='lat' dir='ltr'>bislup</span> <span class='ocrx_word' id='word_1_4' title='bbox 805 415 971 485; x_wconf 67' lang='lat' dir='ltr'>olomoucly</span> <span class='ocrx_word' id='word_1_5' title='bbox 992 417 1063 484; x_wconf 72' lang='lat' dir='ltr'>Janu</span> <span class='ocrx_word' id='word_1_6' title='bbox 1082 401 1227 469; x_wconf 74' lang='lat' dir='ltr'>suenum</span> <span class='ocrx_word' id='word_1_7' title='bbox 1249 414 1323 468; x_wconf 77' lang='lat' dir='ltr'>rna</span> 
     </span>
    </p>
   </div>
   <div class='ocr_carea' id='block_1_2' title="bbox 167 626 1672 3311">
    <p class='ocr_par' dir='ltr' id='par_1_2' title="bbox 167 626 1672 3311">
     <span class='ocr_line' id='line_1_2' title="bbox 204 626 1664 709; baseline -0.001 -19"><span class='ocrx_word' id='word_1_8' title='bbox 204 627 368 709; x_wconf 82' lang='lat' dir='ltr'><strong>sanguinis</strong></span> <span class='ocrx_word' id='word_1_9' title='bbox 398 627 557 689; x_wconf 85' lang='lat' dir='ltr'>effusione</span> <span class='ocrx_word' id='word_1_10' title='bbox 589 636 808 706; x_wconf 91' lang='lat' dir='ltr'>temperatum</span> <span class='ocrx_word' id='word_1_11' title='bbox 837 646 1076 709; x_wconf 85' lang='lat' dir='ltr'>usquequaque</span> <span class='ocrx_word' id='word_1_12' title='bbox 1098 635 1192 689; x_wconf 89' lang='lat' dir='ltr'>esset.</span> <span class='ocrx_word' id='word_1_13' title='bbox 1239 627 1275 690; x_wconf 93' lang='lat' dir='ltr'>ln</span> <span class='ocrx_word' id='word_1_14' title='bbox 1298 627 1491 691; x_wconf 85' lang='lat' dir='ltr'>sacerdotes</span> <span class='ocrx_word' id='word_1_15' title='bbox 1514 626 1664 691; x_wconf 93' lang='lat' dir='ltr'>nonnihil</span> 
     </span>
     <span class='ocr_line' id='line_1_3' title="bbox 204 729 1664 813; baseline -0.001 -19"><span class='ocrx_word' id='word_1_16' title='bbox 204 732 363 795; x_wconf 91' lang='lat' dir='ltr'>saevitum</span> <span class='ocrx_word' id='word_1_17' title='bbox 386 739 445 807; x_wconf 88' lang='lat' dir='ltr'>est,</span> <span class='ocrx_word' id='word_1_18' title='bbox 469 750 611 812; x_wconf 92' lang='lat' dir='ltr'>quorum</span> <span class='ocrx_word' id='word_1_19' title='bbox 635 729 686 792; x_wconf 92' lang='lat' dir='ltr'>alii</span> <span class='ocrx_word' id='word_1_20' title='bbox 709 730 909 794; x_wconf 85' lang='lat' dir='ltr'>clandestine</span> <span class='ocrx_word' id='word_1_21' title='bbox 936 732 1045 808; x_wconf 92' lang='lat' dir='ltr'>occisi,</span> <span class='ocrx_word' id='word_1_22' title='bbox 1073 750 1150 811; x_wconf 92' lang='lat' dir='ltr'>pars</span> <span class='ocrx_word' id='word_1_23' title='bbox 1173 732 1261 812; x_wconf 88' lang='lat' dir='ltr'>capti</span> <span class='ocrx_word' id='word_1_24' title='bbox 1283 750 1350 796; x_wconf 92' lang='lat' dir='ltr'>non</span> <span class='ocrx_word' id='word_1_25' title='bbox 1372 733 1463 813; x_wconf 91' lang='lat' dir='ltr'>prius</span> <span class='ocrx_word' id='word_1_26' title='bbox 1497 732 1529 794; x_wconf 96' lang='lat' dir='ltr'>in</span> <span class='ocrx_word' id='word_1_27' title='bbox 1562 732 1664 793; x_wconf 92' lang='lat' dir='ltr'>liber·</span> 
     </span>
     <span class='ocr_line' id='line_1_4' title="bbox 205 832 1666 918; baseline -0.001 -21"><span class='ocrx_word' id='word_1_28' title='bbox 205 844 306 897; x_wconf 90' lang='lat' dir='ltr'>tatem</span> <span class='ocrx_word' id='word_1_29' title='bbox 337 854 410 897; x_wconf 90' lang='lat' dir='ltr'>sese</span> <span class='ocrx_word' id='word_1_30' title='bbox 443 832 670 912; x_wconf 91' lang='lat' dir='ltr'>adseruerunt,</span> <span class='ocrx_word' id='word_1_31' title='bbox 704 853 803 914; x_wconf 92' lang='lat' dir='ltr'>quam</span> <span class='ocrx_word' id='word_1_32' title='bbox 834 845 1062 898; x_wconf 88' lang='lat' dir='ltr'>numerassent</span> <span class='ocrx_word' id='word_1_33' title='bbox 1096 854 1215 898; x_wconf 91' lang='lat' dir='ltr'>aureos</span> <span class='ocrx_word' id='word_1_34' title='bbox 1247 856 1310 916; x_wconf 92' lang='lat' dir='ltr'>pro</span> <span class='ocrx_word' id='word_1_35' title='bbox 1341 835 1571 918; x_wconf 85' lang='lat' dir='ltr'>redemptione</span> <span class='ocrx_word' id='word_1_36' title='bbox 1602 836 1666 899; x_wconf 92' lang='lat' dir='ltr'>sibi</span> 
     </span>
     <span class='ocr_line' id='line_1_5' title="bbox 204 937 1666 1023; baseline 0.001 -22"><span class='ocrx_word' id='word_1_37' title='bbox 204 941 375 1002; x_wconf 90' lang='lat' dir='ltr'>iniunctos.</span> <span class='ocrx_word' id='word_1_38' title='bbox 399 937 678 1001; x_wconf 86' lang='lat' dir='ltr'>Animadversum</span> <span class='ocrx_word' id='word_1_39' title='bbox 694 938 814 1002; x_wconf 91' lang='lat' dir='ltr'>deinde</span> <span class='ocrx_word' id='word_1_40' title='bbox 830 940 861 1002; x_wconf 93' lang='lat' dir='ltr'>in</span> <span class='ocrx_word' id='word_1_41' title='bbox 877 949 1002 1002; x_wconf 86' lang='lat' dir='ltr'>statuas</span> <span class='ocrx_word' id='word_1_42' title='bbox 1018 938 1155 1002; x_wconf 92' lang='lat' dir='ltr'>huiusce</span> <span class='ocrx_word' id='word_1_43' title='bbox 1169 939 1343 1021; x_wconf 89' lang='lat' dir='ltr'>pontificis,</span> <span class='ocrx_word' id='word_1_44' title='bbox 1367 960 1450 1022; x_wconf 94' lang='lat' dir='ltr'>quas</span> <span class='ocrx_word' id='word_1_45' title='bbox 1466 940 1519 1003; x_wconf 94' lang='lat' dir='ltr'>ille</span> <span class='ocrx_word' id='word_1_46' title='bbox 1534 940 1666 1023; x_wconf 83' lang='lat' dir='ltr'>egregie</span> 
     </span>
     <span class='ocr_line' id='line_1_6' title="bbox 176 1040 1665 1126; baseline 0.002 -25"><span class='ocrx_word' id='word_1_47' title='bbox 176 1053 453 1126; x_wconf 82' lang='lat' dir='ltr'>oprocuraverat;</span> <span class='ocrx_word' id='word_1_48' title='bbox 477 1043 586 1123; x_wconf 86' lang='lat' dir='ltr'>itaque</span> <span class='ocrx_word' id='word_1_49' title='bbox 609 1040 744 1105; x_wconf 90' lang='lat' dir='ltr'>alteram</span> <span class='ocrx_word' id='word_1_50' title='bbox 768 1043 800 1105; x_wconf 94' lang='lat' dir='ltr'>in</span> <span class='ocrx_word' id='word_1_51' title='bbox 824 1043 888 1106; x_wconf 89' lang='lat' dir='ltr'>divi</span> <span class='ocrx_word' id='word_1_52' title='bbox 911 1043 1052 1106; x_wconf 89' lang='lat' dir='ltr'>Petronii</span> <span class='ocrx_word' id='word_1_53' title='bbox 1076 1042 1301 1120; x_wconf 77' lang='lat' dir='ltr'>deturbarunt,</span> <span class='ocrx_word' id='word_1_54' title='bbox 1325 1042 1460 1107; x_wconf 88' lang='lat' dir='ltr'>alteram</span> <span class='ocrx_word' id='word_1_55' title='bbox 1482 1044 1515 1106; x_wconf 93' lang='lat' dir='ltr'>in</span> <span class='ocrx_word' id='word_1_56' title='bbox 1540 1043 1665 1124; x_wconf 92' lang='lat' dir='ltr'>palatio</span> 
     </span>
     <span class='ocr_line' id='line_1_7' title="bbox 204 1146 1665 1228; baseline -0.003 -16"><span class='ocrx_word' id='word_1_57' title='bbox 204 1169 242 1212; x_wconf 92' lang='lat' dir='ltr'>ea</span> <span class='ocrx_word' id='word_1_58' title='bbox 272 1158 373 1228; x_wconf 87' lang='lat' dir='ltr'>parte,</span> <span class='ocrx_word' id='word_1_59' title='bbox 408 1167 472 1228; x_wconf 91' lang='lat' dir='ltr'>qua</span> <span class='ocrx_word' id='word_1_60' title='bbox 502 1146 609 1210; x_wconf 84' lang='lat' dir='ltr'>sorum</span> <span class='ocrx_word' id='word_1_61' title='bbox 644 1147 811 1228; x_wconf 85' lang='lat' dir='ltr'>prospicit,</span> <span class='ocrx_word' id='word_1_62' title='bbox 845 1146 1041 1210; x_wconf 90' lang='lat' dir='ltr'>collocatam</span> <span class='ocrx_word' id='word_1_63' title='bbox 1075 1167 1200 1210; x_wconf 89' lang='lat' dir='ltr'>corona</span> <span class='ocrx_word' id='word_1_64' title='bbox 1234 1148 1376 1227; x_wconf 91' lang='lat' dir='ltr'>primum</span> <span class='ocrx_word' id='word_1_65' title='bbox 1411 1148 1546 1224; x_wconf 89' lang='lat' dir='ltr'>deiecta,</span> <span class='ocrx_word' id='word_1_66' title='bbox 1581 1167 1665 1209; x_wconf 91' lang='lat' dir='ltr'>mox</span> 
     </span>
     <span class='ocr_line' id='line_1_8' title="bbox 205 1249 1665 1333; baseline -0.002 -18"><span class='ocrx_word' id='word_1_67' title='bbox 205 1260 330 1315; x_wconf 91' lang='lat' dir='ltr'>tentato</span> <span class='ocrx_word' id='word_1_68' title='bbox 354 1260 387 1313; x_wconf 93' lang='lat' dir='ltr'>et</span> <span class='ocrx_word' id='word_1_69' title='bbox 410 1251 525 1332; x_wconf 88' lang='lat' dir='ltr'>capite,</span> <span class='ocrx_word' id='word_1_70' title='bbox 553 1249 692 1313; x_wconf 90' lang='lat' dir='ltr'>flammis</span> <span class='ocrx_word' id='word_1_71' title='bbox 716 1261 886 1331; x_wconf 90' lang='lat' dir='ltr'>postremo</span> <span class='ocrx_word' id='word_1_72' title='bbox 910 1251 1081 1314; x_wconf 90' lang='lat' dir='ltr'>dederunt.</span> <span class='ocrx_word' id='word_1_73' title='bbox 1128 1250 1275 1314; x_wconf 89' lang='lat' dir='ltr'>Ventum</span> <span class='ocrx_word' id='word_1_74' title='bbox 1298 1252 1341 1315; x_wconf 88' lang='lat' dir='ltr'>ad</span> <span class='ocrx_word' id='word_1_75' title='bbox 1365 1250 1547 1326; x_wconf 86' lang='lat' dir='ltr'>castellum,</span> <span class='ocrx_word' id='word_1_76' title='bbox 1570 1249 1665 1333; x_wconf 90' lang='lat' dir='ltr'>quod</span> 
     </span>
     <span class='ocr_line' id='line_1_9' title="bbox 206 1345 1666 1438; baseline 0 -21"><span class='ocrx_word' id='word_1_77' title='bbox 206 1357 239 1417; x_wconf 92' lang='lat' dir='ltr'>in</span> <span class='ocrx_word' id='word_1_78' title='bbox 269 1345 432 1417; x_wconf 82' lang='lat' dir='ltr'>dicionem</span> <span class='ocrx_word' id='word_1_79' title='bbox 472 1355 668 1434; x_wconf 88' lang='lat' dir='ltr'>accipientes</span> <span class='ocrx_word' id='word_1_80' title='bbox 704 1356 802 1417; x_wconf 91' lang='lat' dir='ltr'>tantis</span> <span class='ocrx_word' id='word_1_81' title='bbox 840 1357 995 1436; x_wconf 88' lang='lat' dir='ltr'>impensis</span> <span class='ocrx_word' id='word_1_82' title='bbox 1034 1355 1288 1419; x_wconf 87' lang='lat' dir='ltr'>exaedificatum</span> <span class='ocrx_word' id='word_1_83' title='bbox 1319 1357 1382 1418; x_wconf 91' lang='lat' dir='ltr'>iam</span> <span class='ocrx_word' id='word_1_84' title='bbox 1414 1355 1486 1419; x_wconf 94' lang='lat' dir='ltr'>solo</span> <span class='ocrx_word' id='word_1_85' title='bbox 1520 1375 1666 1438; x_wconf 91' lang='lat' dir='ltr'>aequare</span> 
     </span>
     <span class='ocr_line' id='line_1_10' title="bbox 204 1458 1664 1539; baseline -0.002 -16"><span class='ocrx_word' id='word_1_86' title='bbox 204 1459 370 1539; x_wconf 91' lang='lat' dir='ltr'>incipiunt.</span> <span class='ocrx_word' id='word_1_87' title='bbox 395 1458 566 1521; x_wconf 88' lang='lat' dir='ltr'>Postremo</span> <span class='ocrx_word' id='word_1_88' title='bbox 591 1479 631 1520; x_wconf 93' lang='lat' dir='ltr'>eo</span> <span class='ocrx_word' id='word_1_89' title='bbox 654 1478 786 1520; x_wconf 92' lang='lat' dir='ltr'>versum</span> <span class='ocrx_word' id='word_1_90' title='bbox 809 1469 868 1537; x_wconf 93' lang='lat' dir='ltr'>est,</span> <span class='ocrx_word' id='word_1_91' title='bbox 891 1470 928 1522; x_wconf 93' lang='lat' dir='ltr'>ut</span> <span class='ocrx_word' id='word_1_92' title='bbox 951 1459 1207 1522; x_wconf 89' lang='lat' dir='ltr'>ecclesiasticum</span> <span class='ocrx_word' id='word_1_93' title='bbox 1231 1480 1304 1523; x_wconf 91' lang='lat' dir='ltr'>esse</span> <span class='ocrx_word' id='word_1_94' title='bbox 1327 1459 1433 1522; x_wconf 86' lang='lat' dir='ltr'>iraudi</span> <span class='ocrx_word' id='word_1_95' title='bbox 1456 1462 1505 1523; x_wconf 79' lang='lat' dir='ltr'>sit</span> <span class='ocrx_word' id='word_1_96' title='bbox 1544 1459 1664 1523; x_wconf 91' lang='lat' dir='ltr'>Habes</span> 
     </span>
     <span class='ocr_line' id='line_1_11' title="bbox 169 1560 1666 1646; baseline -0.001 -20"><span class='ocrx_word' id='word_1_97' title='bbox 169 1577 194 1618; x_wconf 87' lang='lat'>10</span> <span class='ocrx_word' id='word_1_98' title='bbox 207 1562 367 1626; x_wconf 92' lang='lat' dir='ltr'>tumultus</span> <span class='ocrx_word' id='word_1_99' title='bbox 391 1563 471 1625; x_wconf 93' lang='lat' dir='ltr'>istos</span> <span class='ocrx_word' id='word_1_100' title='bbox 494 1582 554 1642; x_wconf 92' lang='lat' dir='ltr'>per</span> <span class='ocrx_word' id='word_1_101' title='bbox 576 1572 786 1625; x_wconf 86' lang='lat' dir='ltr'>transennam</span> <span class='ocrx_word' id='word_1_102' title='bbox 810 1563 859 1641; x_wconf 89' lang='lat' dir='ltr'>(ut</span> <span class='ocrx_word' id='word_1_103' title='bbox 883 1560 985 1646; x_wconf 88' lang='lat' dir='ltr'>aiunt)</span> <span class='ocrx_word' id='word_1_104' title='bbox 1010 1563 1197 1645; x_wconf 90' lang='lat' dir='ltr'>descriptos</span> <span class='ocrx_word' id='word_1_105' title='bbox 1219 1565 1453 1646; x_wconf 91' lang='lat' dir='ltr'>potiusquam</span> <span class='ocrx_word' id='word_1_106' title='bbox 1470 1566 1549 1627; x_wconf 91' lang='lat' dir='ltr'>satis</span> <span class='ocrx_word' id='word_1_107' title='bbox 1565 1564 1666 1646; x_wconf 83' lang='lat' dir='ltr'>digne</span> 
     </span>
     <span class='ocr_line' id='line_1_12' title="bbox 205 1664 1665 1751; baseline 0.001 -23"><span class='ocrx_word' id='word_1_108' title='bbox 205 1666 398 1746; x_wconf 80' lang='lat' dir='ltr'>explicatos,</span> <span class='ocrx_word' id='word_1_109' title='bbox 423 1664 507 1729; x_wconf 87' lang='lat' dir='ltr'>Galli</span> <span class='ocrx_word' id='word_1_110' title='bbox 530 1686 549 1728; x_wconf 87' lang='lat' dir='ltr'>a</span> <span class='ocrx_word' id='word_1_111' title='bbox 572 1667 806 1748; x_wconf 92' lang='lat' dir='ltr'>persequendo</span> <span class='ocrx_word' id='word_1_112' title='bbox 830 1669 985 1747; x_wconf 85' lang='lat' dir='ltr'>pontifice</span> <span class='ocrx_word' id='word_1_113' title='bbox 1009 1668 1147 1730; x_wconf 88' lang='lat' dir='ltr'>retulere</span> <span class='ocrx_word' id='word_1_114' title='bbox 1170 1670 1320 1751; x_wconf 91' lang='lat' dir='ltr'>gradum.</span> <span class='ocrx_word' id='word_1_115' title='bbox 1344 1666 1527 1732; x_wconf 87' lang='lat' dir='ltr'>Concilium</span> <span class='ocrx_word' id='word_1_116' title='bbox 1551 1678 1665 1730; x_wconf 89' lang='lat' dir='ltr'>tamen</span> 
     </span>
     <span class='ocr_line' id='line_1_13' title="bbox 205 1768 1666 1853; baseline 0.001 -22"><span class='ocrx_word' id='word_1_117' title='bbox 205 1770 356 1853; x_wconf 91' lang='lat' dir='ltr'>generale</span> <span class='ocrx_word' id='word_1_118' title='bbox 382 1768 425 1833; x_wconf 94' lang='lat' dir='ltr'>illi</span> <span class='ocrx_word' id='word_1_119' title='bbox 448 1769 600 1832; x_wconf 85' lang='lat' dir='ltr'>indicitur</span> <span class='ocrx_word' id='word_1_120' title='bbox 630 1770 672 1832; x_wconf 91' lang='lat' dir='ltr'>ad</span> <span class='ocrx_word' id='word_1_121' title='bbox 695 1768 857 1834; x_wconf 88' lang='lat' dir='ltr'>Calendas</span> <span class='ocrx_word' id='word_1_122' title='bbox 886 1769 1092 1851; x_wconf 88' lang='lat' dir='ltr'>Septembris</span> <span class='ocrx_word' id='word_1_123' title='bbox 1116 1772 1203 1837; x_wconf 91' lang='lat' dir='ltr'>Pisis.</span> <span class='ocrx_word' id='word_1_124' title='bbox 1250 1773 1325 1836; x_wconf 91' lang='lat' dir='ltr'>Hoc</span> <span class='ocrx_word' id='word_1_125' title='bbox 1355 1782 1465 1836; x_wconf 89' lang='lat' dir='ltr'>tamen</span> <span class='ocrx_word' id='word_1_126' title='bbox 1495 1791 1599 1835; x_wconf 93' lang='lat' dir='ltr'>unum</span> <span class='ocrx_word' id='word_1_127' title='bbox 1631 1781 1666 1833; x_wconf 92' lang='lat' dir='ltr'>te</span> 
     </span>
     <span class='ocr_line' id='line_1_14' title="bbox 205 1874 1665 1956; baseline 0 -20"><span class='ocrx_word' id='word_1_128' title='bbox 205 1875 290 1938; x_wconf 92' lang='lat' dir='ltr'>scire</span> <span class='ocrx_word' id='word_1_129' title='bbox 312 1874 407 1936; x_wconf 91' lang='lat' dir='ltr'>velim</span> <span class='ocrx_word' id='word_1_130' title='bbox 431 1875 636 1938; x_wconf 88' lang='lat' dir='ltr'>concessisse</span> <span class='ocrx_word' id='word_1_131' title='bbox 660 1875 844 1938; x_wconf 93' lang='lat' dir='ltr'>Bononiam</span> <span class='ocrx_word' id='word_1_132' title='bbox 867 1876 1033 1956; x_wconf 90' lang='lat' dir='ltr'>quendam</span> <span class='ocrx_word' id='word_1_133' title='bbox 1056 1897 1100 1939; x_wconf 86' lang='lat' dir='ltr'>ex</span> <span class='ocrx_word' id='word_1_134' title='bbox 1116 1874 1273 1940; x_wconf 89' lang='lat' dir='ltr'>Armenia</span> <span class='ocrx_word' id='word_1_135' title='bbox 1294 1876 1582 1956; x_wconf 90' lang='lat' dir='ltr'>archiepiscopum</span> <span class='ocrx_word' id='word_1_136' title='bbox 1599 1876 1665 1937; x_wconf 87' lang='lat' dir='ltr'>iam</span> 
     </span>
     <span class='ocr_line' id='line_1_15' title="bbox 206 1976 1665 2061; baseline 0 -20"><span class='ocrx_word' id='word_1_137' title='bbox 206 1988 276 2043; x_wconf 90' lang='lat' dir='ltr'>tum</span> <span class='ocrx_word' id='word_1_138' title='bbox 306 1980 349 2042; x_wconf 91' lang='lat' dir='ltr'>ab</span> <span class='ocrx_word' id='word_1_139' title='bbox 372 1979 433 2041; x_wconf 93' lang='lat' dir='ltr'>illis</span> <span class='ocrx_word' id='word_1_140' title='bbox 453 1976 634 2060; x_wconf 90' lang='lat' dir='ltr'>electum,¹)</span> <span class='ocrx_word' id='word_1_141' title='bbox 666 1989 814 2043; x_wconf 92' lang='lat' dir='ltr'>ceterum</span> <span class='ocrx_word' id='word_1_142' title='bbox 844 1999 906 2059; x_wconf 92' lang='lat' dir='ltr'>pro</span> <span class='ocrx_word' id='word_1_143' title='bbox 937 1980 1187 2043; x_wconf 86' lang='lat' dir='ltr'>confirmatione</span> <span class='ocrx_word' id='word_1_144' title='bbox 1217 1980 1424 2044; x_wconf 90' lang='lat' dir='ltr'>destinatum.</span> <span class='ocrx_word' id='word_1_145' title='bbox 1469 1980 1569 2043; x_wconf 92' lang='lat' dir='ltr'>I-lunc</span> <span class='ocrx_word' id='word_1_146' title='bbox 1600 1999 1665 2061; x_wconf 87' lang='lat' dir='ltr'>ego</span> 
     </span>
     <span class='ocr_line' id='line_1_16' title="bbox 168 2081 1665 2164; baseline 0.004 -25"><span class='ocrx_word' id='word_1_147' title='bbox 168 2097 193 2139; x_wconf 80' lang='lat' dir='ltr'>ru</span> <span class='ocrx_word' id='word_1_148' title='bbox 207 2083 380 2146; x_wconf 90' lang='lat' dir='ltr'>missarum</span> <span class='ocrx_word' id='word_1_149' title='bbox 403 2082 550 2146; x_wconf 91' lang='lat' dir='ltr'>solennia</span> <span class='ocrx_word' id='word_1_150' title='bbox 572 2081 793 2146; x_wconf 91' lang='lat' dir='ltr'>celebrantem</span> <span class='ocrx_word' id='word_1_151' title='bbox 817 2083 893 2146; x_wconf 88' lang='lat' dir='ltr'>data</span> <span class='ocrx_word' id='word_1_152' title='bbox 916 2104 1019 2164; x_wconf 91' lang='lat' dir='ltr'>opera</span> <span class='ocrx_word' id='word_1_153' title='bbox 1042 2084 1161 2162; x_wconf 86' lang='lat' dir='ltr'>audivi,</span> <span class='ocrx_word' id='word_1_154' title='bbox 1183 2085 1261 2148; x_wconf 94' lang='lat' dir='ltr'>nihil</span> <span class='ocrx_word' id='word_1_155' title='bbox 1283 2094 1393 2148; x_wconf 89' lang='lat' dir='ltr'>tamen</span> <span class='ocrx_word' id='word_1_156' title='bbox 1416 2103 1553 2163; x_wconf 91' lang='lat' dir='ltr'>prorsus</span> <span class='ocrx_word' id='word_1_157' title='bbox 1570 2082 1665 2145; x_wconf 91' lang='lat' dir='ltr'>intel·</span> 
     </span>
     <span class='ocr_line' id='line_1_17' title="bbox 207 2185 1664 2269; baseline 0 -21"><span class='ocrx_word' id='word_1_158' title='bbox 207 2186 281 2249; x_wconf 87' lang='lat' dir='ltr'>lexi.</span> <span class='ocrx_word' id='word_1_159' title='bbox 304 2185 376 2249; x_wconf 93' lang='lat' dir='ltr'>Nec</span> <span class='ocrx_word' id='word_1_160' title='bbox 399 2187 484 2248; x_wconf 92' lang='lat' dir='ltr'>enim</span> <span class='ocrx_word' id='word_1_161' title='bbox 507 2206 625 2269; x_wconf 90' lang='lat' dir='ltr'>graece</span> <span class='ocrx_word' id='word_1_162' title='bbox 647 2206 708 2249; x_wconf 93' lang='lat' dir='ltr'>nec</span> <span class='ocrx_word' id='word_1_163' title='bbox 732 2186 829 2249; x_wconf 90' lang='lat' dir='ltr'>latine</span> <span class='ocrx_word' id='word_1_164' title='bbox 852 2185 1058 2269; x_wconf 92' lang='lat' dir='ltr'>loquebatur,</span> <span class='ocrx_word' id='word_1_165' title='bbox 1089 2188 1149 2251; x_wconf 90' lang='lat' dir='ltr'>sed</span> <span class='ocrx_word' id='word_1_166' title='bbox 1173 2188 1268 2269; x_wconf 86' lang='lat' dir='ltr'>plane</span> <span class='ocrx_word' id='word_1_167' title='bbox 1290 2189 1482 2264; x_wconf 89' lang='lat' dir='ltr'>armeniace,</span> <span class='ocrx_word' id='word_1_168' title='bbox 1513 2186 1546 2249; x_wconf 92' lang='lat' dir='ltr'>id</span> <span class='ocrx_word' id='word_1_169' title='bbox 1571 2187 1664 2268; x_wconf 93' lang='lat' dir='ltr'>quod</span> 
     </span>
     <span class='ocr_line' id='line_1_18' title="bbox 207 2290 1666 2373; baseline 0.001 -20"><span class='ocrx_word' id='word_1_170' title='bbox 207 2310 243 2353; x_wconf 92' lang='lat' dir='ltr'>se</span> <span class='ocrx_word' id='word_1_171' title='bbox 265 2292 441 2354; x_wconf 87' lang='lat' dir='ltr'>observare</span> <span class='ocrx_word' id='word_1_172' title='bbox 463 2291 553 2352; x_wconf 89' lang='lat' dir='ltr'>aiunt</span> <span class='ocrx_word' id='word_1_173' title='bbox 577 2291 609 2353; x_wconf 94' lang='lat' dir='ltr'>in</span> <span class='ocrx_word' id='word_1_174' title='bbox 631 2310 690 2353; x_wconf 93' lang='lat' dir='ltr'>sua</span> <span class='ocrx_word' id='word_1_175' title='bbox 715 2292 856 2373; x_wconf 87' lang='lat' dir='ltr'>regione.</span> <span class='ocrx_word' id='word_1_176' title='bbox 880 2290 982 2372; x_wconf 86' lang='lat' dir='ltr'>Quod</span> <span class='ocrx_word' id='word_1_177' title='bbox 1002 2302 1091 2355; x_wconf 90' lang='lat' dir='ltr'>certe</span> <span class='ocrx_word' id='word_1_178' title='bbox 1114 2302 1182 2354; x_wconf 92' lang='lat' dir='ltr'>tam</span> <span class='ocrx_word' id='word_1_179' title='bbox 1199 2292 1311 2368; x_wconf 86' lang='lat' dir='ltr'>abluit,</span> <span class='ocrx_word' id='word_1_180' title='bbox 1334 2301 1371 2355; x_wconf 93' lang='lat' dir='ltr'>ut</span> <span class='ocrx_word' id='word_1_181' title='bbox 1386 2292 1463 2354; x_wconf 88' lang='lat' dir='ltr'>vitio</span> <span class='ocrx_word' id='word_1_182' title='bbox 1479 2300 1666 2354; x_wconf 88' lang='lat' dir='ltr'>verteretur</span> 
     </span>
     <span class='ocr_line' id='line_1_19' title="bbox 206 2393 1664 2476; baseline 0.001 -21"><span class='ocrx_word' id='word_1_183' title='bbox 206 2394 266 2457; x_wconf 92' lang='lat' dir='ltr'>illis</span> <span class='ocrx_word' id='word_1_184' title='bbox 289 2395 322 2457; x_wconf 93' lang='lat' dir='ltr'>in</span> <span class='ocrx_word' id='word_1_185' title='bbox 343 2394 433 2457; x_wconf 91' lang='lat' dir='ltr'>curia</span> <span class='ocrx_word' id='word_1_186' title='bbox 456 2393 614 2472; x_wconf 90' lang='lat' dir='ltr'>Romana,</span> <span class='ocrx_word' id='word_1_187' title='bbox 637 2405 674 2457; x_wconf 90' lang='lat' dir='ltr'>ut</span> <span class='ocrx_word' id='word_1_188' title='bbox 696 2396 794 2457; x_wconf 88' lang='lat' dir='ltr'>etiam</span> <span class='ocrx_word' id='word_1_189' title='bbox 818 2405 966 2476; x_wconf 89' lang='lat' dir='ltr'>potestas</span> <span class='ocrx_word' id='word_1_190' title='bbox 988 2396 1021 2459; x_wconf 94' lang='lat' dir='ltr'>id</span> <span class='ocrx_word' id='word_1_191' title='bbox 1045 2394 1184 2459; x_wconf 87' lang='lat' dir='ltr'>laciendi</span> <span class='ocrx_word' id='word_1_192' title='bbox 1200 2396 1343 2459; x_wconf 88' lang='lat' dir='ltr'>daretur.</span> <span class='ocrx_word' id='word_1_193' title='bbox 1367 2395 1576 2458; x_wconf 89' lang='lat' dir='ltr'>Postremum</span> <span class='ocrx_word' id='word_1_194' title='bbox 1598 2404 1664 2457; x_wconf 90' lang='lat' dir='ltr'>est:</span> 
     </span>
     <span class='ocr_line' id='line_1_20' title="bbox 207 2497 1664 2582; baseline 0 -21"><span class='ocrx_word' id='word_1_195' title='bbox 207 2499 354 2561; x_wconf 90' lang='lat' dir='ltr'>omnium</span> <span class='ocrx_word' id='word_1_196' title='bbox 379 2519 487 2562; x_wconf 88' lang='lat' dir='ltr'>rerum</span> <span class='ocrx_word' id='word_1_197' title='bbox 510 2500 607 2577; x_wconf 89' lang='lat' dir='ltr'>copia</span> <span class='ocrx_word' id='word_1_198' title='bbox 629 2497 827 2562; x_wconf 89' lang='lat' dir='ltr'>laboramus.</span> <span class='ocrx_word' id='word_1_199' title='bbox 852 2499 964 2580; x_wconf 89' lang='lat' dir='ltr'>ltaque</span> <span class='ocrx_word' id='word_1_200' title='bbox 987 2519 1050 2582; x_wconf 92' lang='lat' dir='ltr'>ego</span> <span class='ocrx_word' id='word_1_201' title='bbox 1074 2499 1163 2561; x_wconf 92' lang='lat' dir='ltr'>brevi</span> <span class='ocrx_word' id='word_1_202' title='bbox 1186 2518 1355 2581; x_wconf 91' lang='lat' dir='ltr'>egressum</span> <span class='ocrx_word' id='word_1_203' title='bbox 1379 2497 1521 2560; x_wconf 91' lang='lat' dir='ltr'>meditor</span> <span class='ocrx_word' id='word_1_204' title='bbox 1544 2498 1572 2561; x_wconf 93' lang='lat' dir='ltr'>si</span> <span class='ocrx_word' id='word_1_205' title='bbox 1595 2517 1664 2561; x_wconf 91' lang='lat' dir='ltr'>non</span> 
     </span>
     <span class='ocr_line' id='line_1_21' title="bbox 167 2601 1665 2685; baseline 0 -21"><span class='ocrx_word' id='word_1_206' title='bbox 167 2602 249 2664; x_wconf 69' lang='lat' dir='ltr'>aab</span> <span class='ocrx_word' id='word_1_207' title='bbox 274 2603 365 2666; x_wconf 89' lang='lat' dir='ltr'>Italia</span> <span class='ocrx_word' id='word_1_208' title='bbox 387 2612 477 2666; x_wconf 89' lang='lat' dir='ltr'>certe</span> <span class='ocrx_word' id='word_1_209' title='bbox 499 2604 550 2666; x_wconf 93' lang='lat' dir='ltr'>vel</span> <span class='ocrx_word' id='word_1_210' title='bbox 573 2604 729 2680; x_wconf 86' lang='lat' dir='ltr'>Bononia,</span> <span class='ocrx_word' id='word_1_211' title='bbox 752 2624 837 2685; x_wconf 92' lang='lat' dir='ltr'>quae</span> <span class='ocrx_word' id='word_1_212' title='bbox 858 2604 933 2666; x_wconf 92' lang='lat' dir='ltr'>huic</span> <span class='ocrx_word' id='word_1_213' title='bbox 950 2603 1037 2667; x_wconf 90' lang='lat' dir='ltr'>malo</span> <span class='ocrx_word' id='word_1_214' title='bbox 1052 2614 1101 2667; x_wconf 92' lang='lat' dir='ltr'>est</span> <span class='ocrx_word' id='word_1_215' title='bbox 1118 2604 1273 2667; x_wconf 89' lang='lat' dir='ltr'>obnoxia.</span> <span class='ocrx_word' id='word_1_216' title='bbox 1297 2603 1381 2666; x_wconf 88' lang='lat' dir='ltr'>Vale</span> <span class='ocrx_word' id='word_1_217' title='bbox 1396 2612 1428 2665; x_wconf 92' lang='lat' dir='ltr'>et</span> <span class='ocrx_word' id='word_1_218' title='bbox 1443 2601 1522 2664; x_wconf 93' lang='lat' dir='ltr'>mihi</span> <span class='ocrx_word' id='word_1_219' title='bbox 1539 2610 1665 2665; x_wconf 85' lang='lat' dir='ltr'>statum</span> 
     </span>
     <span class='ocr_line' id='line_1_22' title="bbox 207 2704 1666 2789; baseline -0.001 -21"><span class='ocrx_word' id='word_1_220' title='bbox 207 2707 332 2788; x_wconf 87' lang='lat' dir='ltr'>patriae</span> <span class='ocrx_word' id='word_1_221' title='bbox 354 2706 504 2788; x_wconf 91' lang='lat' dir='ltr'>pluribus</span> <span class='ocrx_word' id='word_1_222' title='bbox 528 2707 667 2787; x_wconf 90' lang='lat' dir='ltr'>posthac</span> <span class='ocrx_word' id='word_1_223' title='bbox 702 2707 864 2772; x_wconf 91' lang='lat' dir='ltr'>describe.</span> <span class='ocrx_word' id='word_1_224' title='bbox 909 2706 1029 2772; x_wconf 86' lang='lat' dir='ltr'>Soletis</span> <span class='ocrx_word' id='word_1_225' title='bbox 1059 2709 1144 2770; x_wconf 87' lang='lat' dir='ltr'>eninr</span> <span class='ocrx_word' id='word_1_226' title='bbox 1176 2729 1244 2786; x_wconf 92' lang='lat' dir='ltr'>vos,</span> <span class='ocrx_word' id='word_1_227' title='bbox 1274 2726 1462 2789; x_wconf 90' lang='lat' dir='ltr'>quanquam</span> <span class='ocrx_word' id='word_1_228' title='bbox 1491 2704 1666 2768; x_wconf 86' lang='lat' dir='ltr'>nulladum</span> 
     </span>
     <span class='ocr_line' id='line_1_23' title="bbox 209 2810 1665 2893; baseline 0 -21"><span class='ocrx_word' id='word_1_229' title='bbox 209 2810 344 2891; x_wconf 88' lang='lat' dir='ltr'>periculi</span> <span class='ocrx_word' id='word_1_230' title='bbox 368 2812 417 2874; x_wconf 91' lang='lat' dir='ltr'>vel</span> <span class='ocrx_word' id='word_1_231' title='bbox 441 2814 575 2875; x_wconf 91' lang='lat' dir='ltr'>terroris</span> <span class='ocrx_word' id='word_1_232' title='bbox 599 2812 793 2875; x_wconf 89' lang='lat' dir='ltr'>obversetur</span> <span class='ocrx_word' id='word_1_233' title='bbox 817 2813 952 2893; x_wconf 92' lang='lat' dir='ltr'>species,</span> <span class='ocrx_word' id='word_1_234' title='bbox 975 2832 1057 2874; x_wconf 89' lang='lat' dir='ltr'>mox</span> <span class='ocrx_word' id='word_1_235' title='bbox 1079 2813 1111 2874; x_wconf 92' lang='lat' dir='ltr'>in</span> <span class='ocrx_word' id='word_1_236' title='bbox 1128 2813 1327 2892; x_wconf 88' lang='lat' dir='ltr'>patheticam</span> <span class='ocrx_word' id='word_1_237' title='bbox 1350 2829 1569 2892; x_wconf 90' lang='lat' dir='ltr'>prorumpere</span> <span class='ocrx_word' id='word_1_238' title='bbox 1593 2831 1665 2873; x_wconf 86' lang='lat' dir='ltr'>ora-</span> 
     </span>
     <span class='ocr_line' id='line_1_24' title="bbox 207 2912 1667 2998; baseline -0.001 -21"><span class='ocrx_word' id='word_1_239' title='bbox 207 2916 332 2978; x_wconf 90' lang='lat' dir='ltr'>tionem</span> <span class='ocrx_word' id='word_1_240' title='bbox 365 2915 559 2996; x_wconf 90' lang='lat' dir='ltr'>interposito</span> <span class='ocrx_word' id='word_1_241' title='bbox 594 2915 658 2978; x_wconf 96' lang='lat' dir='ltr'>heu</span> <span class='ocrx_word' id='word_1_242' title='bbox 693 2926 749 2979; x_wconf 89' lang='lat' dir='ltr'>aut</span> <span class='ocrx_word' id='word_1_243' title='bbox 782 2914 974 2998; x_wconf 89' lang='lat' dir='ltr'>prohdolor,</span> <span class='ocrx_word' id='word_1_244' title='bbox 1007 2935 1110 2997; x_wconf 90' lang='lat' dir='ltr'>quum</span> <span class='ocrx_word' id='word_1_245' title='bbox 1140 2925 1251 2978; x_wconf 90' lang='lat' dir='ltr'>tamen</span> <span class='ocrx_word' id='word_1_246' title='bbox 1284 2937 1304 2978; x_wconf 89' lang='lat' dir='ltr'>a</span> <span class='ocrx_word' id='word_1_247' title='bbox 1326 2915 1422 2978; x_wconf 93' lang='lat' dir='ltr'>nobis</span> <span class='ocrx_word' id='word_1_248' title='bbox 1452 2912 1529 2975; x_wconf 92' lang='lat' dir='ltr'>nihil</span> <span class='ocrx_word' id='word_1_249' title='bbox 1561 2914 1667 2977; x_wconf 87' lang='lat' dir='ltr'>simile</span> 
     </span>
     <span class='ocr_line' id='line_1_25' title="bbox 208 3017 1669 3102; baseline -0.001 -21"><span class='ocrx_word' id='word_1_250' title='bbox 208 3038 354 3100; x_wconf 92' lang='lat' dir='ltr'>unquam</span> <span class='ocrx_word' id='word_1_251' title='bbox 377 3020 524 3096; x_wconf 91' lang='lat' dir='ltr'>audiatis,</span> <span class='ocrx_word' id='word_1_252' title='bbox 549 3018 624 3082; x_wconf 89' lang='lat' dir='ltr'>licet</span> <span class='ocrx_word' id='word_1_253' title='bbox 647 3019 752 3083; x_wconf 89' lang='lat' dir='ltr'>hostis</span> <span class='ocrx_word' id='word_1_254' title='bbox 775 3021 949 3098; x_wconf 90' lang='lat' dir='ltr'>immineat,</span> <span class='ocrx_word' id='word_1_255' title='bbox 973 3019 1048 3082; x_wconf 93' lang='lat' dir='ltr'>licet</span> <span class='ocrx_word' id='word_1_256' title='bbox 1070 3019 1198 3102; x_wconf 91' lang='lat' dir='ltr'>gladius</span> <span class='ocrx_word' id='word_1_257' title='bbox 1221 3020 1339 3082; x_wconf 93' lang='lat' dir='ltr'>cervici</span> <span class='ocrx_word' id='word_1_258' title='bbox 1362 3017 1463 3081; x_wconf 80' lang='lat' dir='ltr'>ferme</span> <span class='ocrx_word' id='word_1_259' title='bbox 1486 3017 1669 3096; x_wconf 91' lang='lat' dir='ltr'>impendat.</span> 
     </span>
     <span class='ocr_line' id='line_1_26' title="bbox 168 3119 1672 3204; baseline 0.001 -20"><span class='ocrx_word' id='word_1_260' title='bbox 168 3121 329 3186; x_wconf 54' lang='lat' dir='ltr'>&amp;lterum</span> <span class='ocrx_word' id='word_1_261' title='bbox 353 3125 431 3188; x_wconf 88' lang='lat' dir='ltr'>vale.</span> <span class='ocrx_word' id='word_1_262' title='bbox 469 3124 659 3204; x_wconf 91' lang='lat' dir='ltr'>Discipulos</span> <span class='ocrx_word' id='word_1_263' title='bbox 681 3145 775 3188; x_wconf 89' lang='lat' dir='ltr'>meos</span> <span class='ocrx_word' id='word_1_264' title='bbox 797 3126 854 3188; x_wconf 91' lang='lat' dir='ltr'>tibi</span> <span class='ocrx_word' id='word_1_265' title='bbox 878 3124 1129 3188; x_wconf 87' lang='lat' dir='ltr'>commendatos</span> <span class='ocrx_word' id='word_1_266' title='bbox 1153 3124 1270 3187; x_wconf 86' lang='lat' dir='ltr'>babeo.</span> <span class='ocrx_word' id='word_1_267' title='bbox 1307 3122 1476 3186; x_wconf 89' lang='lat' dir='ltr'>Bononiae</span> <span class='ocrx_word' id='word_1_268' title='bbox 1497 3119 1530 3182; x_wconf 93' lang='lat' dir='ltr'><strong>X</strong></span> <span class='ocrx_word' id='word_1_269' title='bbox 1553 3120 1672 3185; x_wconf 90' lang='lat' dir='ltr'>Nonas</span> 
     </span>
     <span class='ocr_line' id='line_1_27' title="bbox 209 3226 1671 3311; baseline 0.001 -22"><span class='ocrx_word' id='word_1_270' title='bbox 209 3226 289 3290; x_wconf 93' lang='lat' dir='ltr'>Iunii</span> <span class='ocrx_word' id='word_1_271' title='bbox 301 3229 411 3307; x_wconf 76' lang='lat' dir='ltr'>(sic).²)</span> <span class='ocrx_word' id='word_1_272' title='bbox 423 3228 632 3292; x_wconf 87' lang='lat' dir='ltr'>Reverendos</span> <span class='ocrx_word' id='word_1_273' title='bbox 645 3230 869 3310; x_wconf 91' lang='lat' dir='ltr'>praepositum</span> <span class='ocrx_word' id='word_1_274' title='bbox 885 3239 918 3292; x_wconf 92' lang='lat' dir='ltr'>et</span> <span class='ocrx_word' id='word_1_275' title='bbox 937 3229 1111 3311; x_wconf 89' lang='lat' dir='ltr'>magistros</span> <span class='ocrx_word' id='word_1_276' title='bbox 1134 3226 1277 3311; x_wconf 87' lang='lat' dir='ltr'>collegas</span> <span class='ocrx_word' id='word_1_277' title='bbox 1293 3247 1386 3290; x_wconf 91' lang='lat' dir='ltr'>meos</span> <span class='ocrx_word' id='word_1_278' title='bbox 1401 3226 1537 3291; x_wconf 70' lang='lat' dir='ltr'>salvete</span> <span class='ocrx_word' id='word_1_279' title='bbox 1559 3227 1671 3291; x_wconf 89' lang='lat' dir='ltr'>iubeo.</span> 
     </span>
    </p>
   </div>
   <div class='ocr_carea' id='block_1_3' title="bbox 877 3539 999 3604">
    <p class='ocr_par' dir='ltr' id='par_1_3' title="bbox 877 3539 999 3604">
     <span class='ocr_line' id='line_1_28' title="bbox 877 3539 999 3604; baseline -0.016 0"><span class='ocrx_word' id='word_1_280' title='bbox 877 3539 999 3604; x_wconf 87' lang='lat' dir='ltr'><strong>XXIV.</strong></span> 
     </span>
    </p>
   </div>
   <div class='ocr_carea' id='block_1_4' title="bbox 391 3655 1481 3775">
    <p class='ocr_par' dir='ltr' id='par_1_4' title="bbox 391 3655 1481 3775">
     <span class='ocr_line' id='line_1_29' title="bbox 391 3655 1481 3775; baseline -0.003 -21"><span class='ocrx_word' id='word_1_281' title='bbox 391 3678 604 3754; x_wconf 87' lang='lat' dir='ltr'>Stanislav</span> <span class='ocrx_word' id='word_1_282' title='bbox 636 3680 788 3774; x_wconf 85' lang='lat' dir='ltr'>biskup</span> <span class='ocrx_word' id='word_1_283' title='bbox 818 3677 1087 3775; x_wconf 65' lang='lat' dir='ltr'>Olomoucky</span> <span class='ocrx_word' id='word_1_284' title='bbox 1113 3678 1224 3773; x_wconf 88' lang='lat' dir='ltr'>Janu</span> <span class='ocrx_word' id='word_1_285' title='bbox 1253 3655 1481 3752; x_wconf 55' lang='lat' dir='ltr'>§lechtovi</span> 
     </span>
    </p>
   </div>
   <div class='ocr_carea' id='block_1_5' title="bbox 209 3864 1672 4370">
    <p class='ocr_par' dir='ltr' id='par_1_5' title="bbox 209 3864 1672 4370">
     <span class='ocr_line' id='line_1_30' title="bbox 298 3864 1669 3936; baseline -0.001 -14"><span class='ocrx_word' id='word_1_286' title='bbox 298 3865 504 3923; x_wconf 63' lang='lat' dir='ltr'>Vltromiilil</span> <span class='ocrx_word' id='word_1_287' title='bbox 529 3867 751 3936; x_wconf 78' lang='grc'><strong>(1514)-12.</strong></span> <span class='ocrx_word' id='word_1_288' title='bbox 778 3868 876 3923; x_wconf 73' lang='lat' dir='ltr'>ledna.</span> <span class='ocrx_word' id='word_1_289' title='bbox 914 3865 1027 3934; x_wconf 85' lang='lat' dir='ltr'>Slibuje,</span> <span class='ocrx_word' id='word_1_290' title='bbox 1051 3866 1083 3919; x_wconf 78' lang='lat' dir='ltr'>ie</span> <span class='ocrx_word' id='word_1_291' title='bbox 1107 3864 1143 3918; x_wconf 72' lang='lat' dir='ltr'>dt</span> <span class='ocrx_word' id='word_1_292' title='bbox 1167 3864 1321 3934; x_wconf 83' lang='lat' dir='ltr'>probledati</span> <span class='ocrx_word' id='word_1_293' title='bbox 1345 3865 1489 3919; x_wconf 83' lang='lat' dir='ltr'>lrnihovmr</span> <span class='ocrx_word' id='word_1_294' title='bbox 1515 3866 1669 3921; x_wconf 74' lang='lat' dir='ltr'>neboitllra</span> 
     </span>
     <span class='ocr_line' id='line_1_31' title="bbox 211 3937 1672 4025; baseline -0.002 -14"><span class='ocrx_word' id='word_1_295' title='bbox 211 3959 257 4011; x_wconf 79' lang='lat' dir='ltr'>dra</span> <span class='ocrx_word' id='word_1_296' title='bbox 275 3954 441 4025; x_wconf 82' lang='lat' dir='ltr'>Augustina,</span> <span class='ocrx_word' id='word_1_297' title='bbox 460 3954 567 4007; x_wconf 81' lang='lat' dir='ltr'>kostelu</span> <span class='ocrx_word' id='word_1_298' title='bbox 587 3954 809 4008; x_wconf 70' lang='lat' dir='ltr'>Olomouclremu</span> <span class='ocrx_word' id='word_1_299' title='bbox 827 3953 999 4018; x_wconf 65' lang='lat' dir='ltr'>odkdzauou,</span> <span class='ocrx_word' id='word_1_300' title='bbox 1024 3970 1042 4004; x_wconf 93' lang='lat' dir='ltr'>v</span> <span class='ocrx_word' id='word_1_301' title='bbox 1060 3952 1137 4006; x_wconf 67' lang='lat' dir='ltr'>lrtere</span> <span class='ocrx_word' id='word_1_302' title='bbox 1156 3953 1237 4021; x_wconf 92' lang='lat' dir='ltr'>podle</span> <span class='ocrx_word' id='word_1_303' title='bbox 1256 3951 1321 4006; x_wconf 76' lang='lat' dir='ltr'>lietu</span> <span class='ocrx_word' id='word_1_304' title='bbox 1340 3937 1492 4007; x_wconf 70' lang='lat' dir='ltr'>Slechtova</span> <span class='ocrx_word' id='word_1_305' title='bbox 1512 3953 1672 4024; x_wconf 80' lang='lat' dir='ltr'>nachllzely</span> 
     </span>
     <span class='ocr_line' id='line_1_32' title="bbox 209 4025 1669 4112; baseline -0.003 -14"><span class='ocrx_word' id='word_1_306' title='bbox 209 4063 239 4098; x_wconf 85' lang='lat' dir='ltr'>se</span> <span class='ocrx_word' id='word_1_307' title='bbox 258 4043 371 4097; x_wconf 68' lang='lat' dir='ltr'>nektere</span> <span class='ocrx_word' id='word_1_308' title='bbox 391 4041 484 4112; x_wconf 90' lang='lat' dir='ltr'>lmiby,</span> <span class='ocrx_word' id='word_1_309' title='bbox 501 4041 545 4109; x_wconf 82' lang='lat' dir='ltr'>jel</span> <span class='ocrx_word' id='word_1_310' title='bbox 564 4042 611 4111; x_wconf 91' lang='lat' dir='ltr'>byl</span> <span class='ocrx_word' id='word_1_311' title='bbox 629 4028 742 4095; x_wconf 67' lang='lat' dir='ltr'>Slechta</span> <span class='ocrx_word' id='word_1_312' title='bbox 761 4039 945 4108; x_wconf 87' lang='lat' dir='ltr'>Augustinovi</span> <span class='ocrx_word' id='word_1_313' title='bbox 964 4041 981 4093; x_wconf 76' lang='lat' dir='ltr'>lc</span> <span class='ocrx_word' id='word_1_314' title='bbox 999 4039 1127 4107; x_wconf 71' lang='lat' dir='ltr'>plepsimi</span> <span class='ocrx_word' id='word_1_315' title='bbox 1144 4037 1275 4107; x_wconf 74' lang='lat' dir='ltr'>zapbjdil;</span> <span class='ocrx_word' id='word_1_316' title='bbox 1294 4055 1311 4091; x_wconf 84' lang='lat' dir='ltr'>a</span> <span class='ocrx_word' id='word_1_317' title='bbox 1328 4037 1361 4092; x_wconf 76' lang='lat' dir='ltr'>le</span> <span class='ocrx_word' id='word_1_318' title='bbox 1380 4037 1508 4108; x_wconf 89' lang='lat' dir='ltr'>knihyty</span> <span class='ocrx_word' id='word_1_319' title='bbox 1523 4025 1669 4095; x_wconf 76' lang='lat' dir='ltr'>Slecbtovi</span> 
     </span>
     <span class='ocr_line' id='line_1_33' title="bbox 209 4124 1671 4201; baseline -0.005 -16"><span class='ocrx_word' id='word_1_320' title='bbox 209 4131 276 4201; x_wconf 86' lang='lat' dir='ltr'>brzy</span> <span class='ocrx_word' id='word_1_321' title='bbox 294 4129 353 4183; x_wconf 71' lang='lat' dir='ltr'>sitm</span> <span class='ocrx_word' id='word_1_322' title='bbox 372 4127 482 4197; x_wconf 90' lang='lat' dir='ltr'>plinese</span> <span class='ocrx_word' id='word_1_323' title='bbox 501 4126 573 4194; x_wconf 88' lang='lat' dir='ltr'>maje</span> <span class='ocrx_word' id='word_1_324' title='bbox 592 4126 650 4196; x_wconf 70' lang='lat' dir='ltr'>byti</span> <span class='ocrx_word' id='word_1_325' title='bbox 669 4127 776 4195; x_wconf 87' lang='lat' dir='ltr'>poslem</span> <span class='ocrx_word' id='word_1_326' title='bbox 795 4127 971 4195; x_wconf 68' lang='lat' dir='ltr'>lrrilovslqlm</span> <span class='ocrx_word' id='word_1_327' title='bbox 991 4127 1008 4179; x_wconf 90' lang='lat' dir='ltr'>k</span> <span class='ocrx_word' id='word_1_328' title='bbox 1027 4124 1197 4178; x_wconf 90' lang='lat' dir='ltr'>budouclmu</span> <span class='ocrx_word' id='word_1_329' title='bbox 1216 4128 1317 4178; x_wconf 72' lang='lat' dir='ltr'>sncrnu</span> <span class='ocrx_word' id='word_1_330' title='bbox 1334 4125 1499 4179; x_wconf 71' lang='lat' dir='ltr'>evolanemu</span> <span class='ocrx_word' id='word_1_331' title='bbox 1517 4126 1554 4179; x_wconf 92' lang='lat' dir='ltr'>do</span> <span class='ocrx_word' id='word_1_332' title='bbox 1574 4125 1671 4196; x_wconf 78' lang='lat' dir='ltr'>Prahy</span> 
     </span>
     <span class='ocr_line' id='line_1_34' title="bbox 209 4210 1669 4284; baseline -0.004 -13"><span class='ocrx_word' id='word_1_333' title='bbox 209 4218 243 4271; x_wconf 88' lang='lat' dir='ltr'>ke</span> <span class='ocrx_word' id='word_1_334' title='bbox 262 4217 309 4270; x_wconf 92' lang='lat' dir='ltr'>dni</span> <span class='ocrx_word' id='word_1_335' title='bbox 333 4233 376 4269; x_wconf 73' lang='grc' dir='ltr'>εν.</span> <span class='ocrx_word' id='word_1_336' title='bbox 394 4215 487 4269; x_wconf 84' lang='lat' dir='ltr'>Pavla.</span> <span class='ocrx_word' id='word_1_337' title='bbox 517 4213 664 4284; x_wconf 81' lang='lat' dir='ltr'>(Bobuslai</span> <span class='ocrx_word' id='word_1_338' title='bbox 687 4213 841 4267; x_wconf 86' lang='lat' dir='ltr'>llasistenii</span> <span class='ocrx_word' id='word_1_339' title='bbox 865 4230 882 4266; x_wconf 84' lang='lat' dir='ltr'>a</span> <span class='ocrx_word' id='word_1_340' title='bbox 906 4212 1074 4266; x_wconf 86' lang='lat' dir='ltr'>Loblrowicz</span> <span class='ocrx_word' id='word_1_341' title='bbox 1099 4213 1180 4266; x_wconf 89' lang='lat' dir='ltr'>Nova</span> <span class='ocrx_word' id='word_1_342' title='bbox 1202 4210 1381 4280; x_wconf 85' lang='lat' dir='ltr'>epistolarum</span> <span class='ocrx_word' id='word_1_343' title='bbox 1405 4211 1543 4280; x_wconf 84' lang='lat' dir='ltr'>appendix</span> <span class='ocrx_word' id='word_1_344' title='bbox 1567 4213 1613 4266; x_wconf 88' lang='lat' dir='ltr'>ed.</span> <span class='ocrx_word' id='word_1_345' title='bbox 1641 4231 1669 4282; x_wconf 90' lang='lat' dir='ltr'>p.</span> 
     </span>
     <span class='ocr_line' id='line_1_35' title="bbox 209 4287 1202 4370; baseline -0.01 -12"><span class='ocrx_word' id='word_1_346' title='bbox 209 4304 262 4358; x_wconf 87' lang='lat' dir='ltr'>Th.</span> <span class='ocrx_word' id='word_1_347' title='bbox 282 4303 388 4369; x_wconf 85' lang='lat' dir='ltr'>Mitem,</span> <span class='ocrx_word' id='word_1_348' title='bbox 407 4302 513 4370; x_wconf 84' lang='lat' dir='ltr'>Pragae</span> <span class='ocrx_word' id='word_1_349' title='bbox 534 4300 602 4353; x_wconf 74' lang='lat'>1570</span> <span class='ocrx_word' id='word_1_350' title='bbox 619 4318 655 4354; x_wconf 85' lang='lat' dir='ltr'>na</span> <span class='ocrx_word' id='word_1_351' title='bbox 673 4299 778 4368; x_wconf 89' lang='lat' dir='ltr'>lronci.)</span> <span class='ocrx_word' id='word_1_352' title='bbox 1195 4287 1202 4303; x_wconf 74' lang='lat'><em>⁴</em></span> 
     </span>
    </p>
   </div>
   <div class='ocr_carea' id='block_1_6' title="bbox 171 4491 1669 5095">
    <p class='ocr_par' dir='ltr' id='par_1_6' title="bbox 296 4491 1669 4576">
     <span class='ocr_line' id='line_1_36' title="bbox 296 4491 1669 4576; baseline -0.001 -16"><span class='ocrx_word' id='word_1_353' title='bbox 296 4494 474 4560; x_wconf 90' lang='lat' dir='ltr'>Stanislaus</span> <span class='ocrx_word' id='word_1_354' title='bbox 503 4493 618 4569; x_wconf 92' lang='lat' dir='ltr'>Turzo,</span> <span class='ocrx_word' id='word_1_355' title='bbox 641 4497 812 4574; x_wconf 90' lang='lat' dir='ltr'>episcopus</span> <span class='ocrx_word' id='word_1_356' title='bbox 835 4492 1068 4572; x_wconf 89' lang='lat' dir='ltr'>Olomucensis,</span> <span class='ocrx_word' id='word_1_357' title='bbox 1094 4493 1209 4576; x_wconf 91' lang='lat' dir='ltr'>Joanni</span> <span class='ocrx_word' id='word_1_358' title='bbox 1236 4491 1401 4556; x_wconf 88' lang='lat' dir='ltr'>Sslechtae</span> <span class='ocrx_word' id='word_1_359' title='bbox 1431 4513 1455 4556; x_wconf 91' lang='lat' dir='ltr'>s.</span> <span class='ocrx_word' id='word_1_360' title='bbox 1478 4492 1508 4555; x_wconf 95' lang='lat' dir='ltr'>d.</span> <span class='ocrx_word' id='word_1_361' title='bbox 1531 4493 1669 4575; x_wconf 89' lang='lat' dir='ltr'>Accepi,</span> 
     </span>
    </p>

    <p class='ocr_par' dir='ltr' id='par_1_7' title="bbox 171 4595 1669 5095">
     <span class='ocr_line' id='line_1_37' title="bbox 210 4595 1668 4683; baseline -0.003 -19"><span class='ocrx_word' id='word_1_362' title='bbox 210 4605 254 4664; x_wconf 93' lang='lat' dir='ltr'>mi</span> <span class='ocrx_word' id='word_1_363' title='bbox 274 4601 423 4683; x_wconf 78' lang='lat' dir='ltr'>JoanneS,</span> <span class='ocrx_word' id='word_1_364' title='bbox 445 4601 547 4660; x_wconf 86' lang='lat' dir='ltr'>amice</span> <span class='ocrx_word' id='word_1_365' title='bbox 570 4599 646 4660; x_wconf 92' lang='lat' dir='ltr'>mihi</span> <span class='ocrx_word' id='word_1_366' title='bbox 668 4601 760 4661; x_wconf 93' lang='lat' dir='ltr'>unice</span> <span class='ocrx_word' id='word_1_367' title='bbox 782 4597 903 4672; x_wconf 88' lang='lat' dir='ltr'>dilecte,</span> <span class='ocrx_word' id='word_1_368' title='bbox 926 4599 1031 4660; x_wconf 92' lang='lat' dir='ltr'>literas</span> <span class='ocrx_word' id='word_1_369' title='bbox 1054 4610 1126 4661; x_wconf 89' lang='lat' dir='ltr'>tuas</span> <span class='ocrx_word' id='word_1_370' title='bbox 1148 4609 1181 4660; x_wconf 93' lang='lat' dir='ltr'>et</span> <span class='ocrx_word' id='word_1_371' title='bbox 1204 4597 1316 4658; x_wconf 90' lang='lat' dir='ltr'>latinas</span> <span class='ocrx_word' id='word_1_372' title='bbox 1339 4607 1371 4658; x_wconf 89' lang='lat' dir='ltr'>et</span> <span class='ocrx_word' id='word_1_373' title='bbox 1402 4595 1668 4678; x_wconf 89' lang='lat' dir='ltr'>elegantissimas,</span> 
     </span>
     <span class='ocr_line' id='line_1_38' title="bbox 210 4701 1667 4787; baseline -0.001 -20"><span class='ocrx_word' id='word_1_374' title='bbox 210 4706 329 4787; x_wconf 92' lang='lat' dir='ltr'>quibus</span> <span class='ocrx_word' id='word_1_375' title='bbox 352 4702 522 4765; x_wconf 89' lang='lat' dir='ltr'>denuntias</span> <span class='ocrx_word' id='word_1_376' title='bbox 537 4714 570 4764; x_wconf 93' lang='lat' dir='ltr'>te</span> <span class='ocrx_word' id='word_1_377' title='bbox 585 4702 757 4764; x_wconf 91' lang='lat' dir='ltr'>nonnullos</span> <span class='ocrx_word' id='word_1_378' title='bbox 790 4703 890 4764; x_wconf 91' lang='lat' dir='ltr'>libros</span> <span class='ocrx_word' id='word_1_379' title='bbox 914 4703 1040 4765; x_wconf 89' lang='lat' dir='ltr'>doctori</span> <span class='ocrx_word' id='word_1_380' title='bbox 1062 4701 1247 4783; x_wconf 88' lang='lat' dir='ltr'>Augustino</span> <span class='ocrx_word' id='word_1_381' title='bbox 1271 4701 1368 4762; x_wconf 88' lang='lat' dir='ltr'>lelicis</span> <span class='ocrx_word' id='word_1_382' title='bbox 1393 4702 1570 4763; x_wconf 90' lang='lat' dir='ltr'>memoriae</span> <span class='ocrx_word' id='word_1_383' title='bbox 1594 4722 1667 4781; x_wconf 92' lang='lat' dir='ltr'>per-</span> 
     </span>
     <span class='ocr_line' id='line_1_39' title="bbox 171 4798 1669 4887; baseline 0 -17"><span class='ocrx_word' id='word_1_384' title='bbox 171 4807 399 4873; x_wconf 83' lang='lat' dir='ltr'>soscribendos</span> <span class='ocrx_word' id='word_1_385' title='bbox 430 4806 677 4880; x_wconf 89' lang='lat' dir='ltr'>concredidisse,</span> <span class='ocrx_word' id='word_1_386' title='bbox 708 4825 791 4886; x_wconf 92' lang='lat' dir='ltr'>quos</span> <span class='ocrx_word' id='word_1_387' title='bbox 823 4807 897 4887; x_wconf 90' lang='lat' dir='ltr'>quia</span> <span class='ocrx_word' id='word_1_388' title='bbox 928 4826 1037 4868; x_wconf 92' lang='lat' dir='ltr'>rursus</span> <span class='ocrx_word' id='word_1_389' title='bbox 1068 4804 1149 4887; x_wconf 85' lang='lat' dir='ltr'>(iure</span> <span class='ocrx_word' id='word_1_390' title='bbox 1172 4822 1250 4867; x_wconf 90' lang='lat' dir='ltr'>sane</span> <span class='ocrx_word' id='word_1_391' title='bbox 1273 4814 1305 4865; x_wconf 90' lang='lat' dir='ltr'>et</span> <span class='ocrx_word' id='word_1_392' title='bbox 1328 4798 1456 4886; x_wconf 87' lang='lat' dir='ltr'>merito)</span> <span class='ocrx_word' id='word_1_393' title='bbox 1487 4802 1612 4868; x_wconf 90' lang='lat' dir='ltr'>habere</span> <span class='ocrx_word' id='word_1_394' title='bbox 1635 4818 1669 4870; x_wconf 93' lang='lat' dir='ltr'>et</span> 
     </span>
     <span class='ocr_line' id='line_1_40' title="bbox 212 4907 1668 4994; baseline -0.001 -20"><span class='ocrx_word' id='word_1_395' title='bbox 212 4913 375 4994; x_wconf 89' lang='lat' dir='ltr'>possidere</span> <span class='ocrx_word' id='word_1_396' title='bbox 406 4911 579 4973; x_wconf 90' lang='lat' dir='ltr'>desideras.</span> <span class='ocrx_word' id='word_1_397' title='bbox 618 4910 756 4992; x_wconf 89' lang='lat' dir='ltr'>Reliquit</span> <span class='ocrx_word' id='word_1_398' title='bbox 785 4922 871 4973; x_wconf 92' lang='lat' dir='ltr'>certe</span> <span class='ocrx_word' id='word_1_399' title='bbox 902 4913 1064 4993; x_wconf 87' lang='lat' dir='ltr'>egregiam</span> <span class='ocrx_word' id='word_1_400' title='bbox 1095 4920 1126 4971; x_wconf 92' lang='lat' dir='ltr'>et</span> <span class='ocrx_word' id='word_1_401' title='bbox 1150 4910 1351 4989; x_wconf 84' lang='lat' dir='ltr'>frequentem</span> <span class='ocrx_word' id='word_1_402' title='bbox 1380 4907 1534 4970; x_wconf 89' lang='lat' dir='ltr'>librorum</span> <span class='ocrx_word' id='word_1_403' title='bbox 1558 4913 1668 4988; x_wconf 91' lang='lat' dir='ltr'>supel-</span> 
     </span>
     <span class='ocr_line' id='line_1_41' title="bbox 212 5011 1669 5095; baseline 0 -18"><span class='ocrx_word' id='word_1_404' title='bbox 212 5014 347 5078; x_wconf 93' lang='lat' dir='ltr'>lectilem</span> <span class='ocrx_word' id='word_1_405' title='bbox 371 5014 524 5077; x_wconf 90' lang='lat' dir='ltr'>ecclesiae</span> <span class='ocrx_word' id='word_1_406' title='bbox 546 5024 674 5077; x_wconf 90' lang='lat' dir='ltr'>nostrae</span> <span class='ocrx_word' id='word_1_407' title='bbox 698 5012 910 5077; x_wconf 92' lang='lat' dir='ltr'>Olomucensi</span> <span class='ocrx_word' id='word_1_408' title='bbox 934 5024 1048 5095; x_wconf 90' lang='lat' dir='ltr'>utpote</span> <span class='ocrx_word' id='word_1_409' title='bbox 1071 5015 1117 5074; x_wconf 90' lang='lat' dir='ltr'>vir</span> <span class='ocrx_word' id='word_1_410' title='bbox 1140 5013 1256 5074; x_wconf 88' lang='lat' dir='ltr'>doctus</span> <span class='ocrx_word' id='word_1_411' title='bbox 1272 5023 1304 5074; x_wconf 93' lang='lat' dir='ltr'>et</span> <span class='ocrx_word' id='word_1_412' title='bbox 1320 5015 1479 5076; x_wconf 91' lang='lat' dir='ltr'>bonarum</span> <span class='ocrx_word' id='word_1_413' title='bbox 1501 5011 1669 5077; x_wconf 90' lang='lat' dir='ltr'>literarum</span> 
     </span>
    </p>
   </div>
   <div class='ocr_carea' id='block_1_7' title="bbox 302 5238 1668 5391">
    <p class='ocr_par' dir='ltr' id='par_1_8' title="bbox 302 5238 1668 5391">
     <span class='ocr_line' id='line_1_42' title="bbox 303 5238 579 5290; baseline -0.011 0"><span class='ocrx_word' id='word_1_414' title='bbox 303 5241 308 5268; x_wconf 80' lang='lat'><strong>¹</strong></span> <span class='ocrx_word' id='word_1_415' title='bbox 341 5238 364 5289; x_wconf 92' lang='lat' dir='ltr'>N</span> <span class='ocrx_word' id='word_1_416' title='bbox 386 5243 410 5290; x_wconf 76' lang='lat' dir='ltr'>l:</span> <span class='ocrx_word' id='word_1_417' title='bbox 431 5238 579 5289; x_wconf 89' lang='lat' dir='ltr'>delectum.</span> 
     </span>
     <span class='ocr_line' id='line_1_43' title="bbox 302 5238 1668 5391; baseline 0 -14"><span class='ocrx_word' id='word_1_418' title='bbox 302 5246 321 5391; x_wconf 71' lang='lat' dir='ltr'>²i</span> <span class='ocrx_word' id='word_1_419' title='bbox 341 5238 460 5377; x_wconf 68' lang='lat' dir='ltr'>Vincenl</span> <span class='ocrx_word' id='word_1_420' title='bbox 480 5323 543 5376; x_wconf 87' lang='lat' dir='ltr'>listu</span> <span class='ocrx_word' id='word_1_421' title='bbox 564 5324 660 5375; x_wconf 89' lang='lat' dir='ltr'>toboto</span> <span class='ocrx_word' id='word_1_422' title='bbox 680 5323 796 5391; x_wconf 62' lang='lat' dir='ltr'>vyply‘va</span> <span class='ocrx_word' id='word_1_423' title='bbox 815 5340 829 5375; x_wconf 92' lang='lat' dir='ltr'>z</span> <span class='ocrx_word' id='word_1_424' title='bbox 849 5323 968 5376; x_wconf 77' lang='lat' dir='ltr'>udalosti</span> <span class='ocrx_word' id='word_1_425' title='bbox 987 5341 1004 5374; x_wconf 94' lang='lat' dir='ltr'>v</span> <span class='ocrx_word' id='word_1_426' title='bbox 1024 5326 1087 5376; x_wconf 75' lang='lat' dir='ltr'>nem</span> <span class='ocrx_word' id='word_1_427' title='bbox 1107 5322 1244 5391; x_wconf 71' lang='lat' dir='ltr'>lideny&#39;ch,</span> <span class='ocrx_word' id='word_1_428' title='bbox 1264 5322 1339 5376; x_wconf 77' lang='lat' dir='ltr'>ltere</span> <span class='ocrx_word' id='word_1_429' title='bbox 1353 5314 1485 5390; x_wconf 86' lang='lat' dir='ltr'>plipadajl</span> <span class='ocrx_word' id='word_1_430' title='bbox 1504 5339 1541 5375; x_wconf 88' lang='lat' dir='ltr'>na</span> <span class='ocrx_word' id='word_1_431' title='bbox 1553 5340 1574 5374; x_wconf 91' lang='lat' dir='ltr'>r.</span> <span class='ocrx_word' id='word_1_432' title='bbox 1590 5323 1668 5377; x_wconf 88' lang='grc'><strong>1511.</strong></span> 
     </span>
    </p>
   </div>
   <div class='ocr_carea' id='block_1_8' title="bbox 0 0 1842 5858">
    <p class='ocr_par' dir='ltr' id='par_1_9' title="bbox 0 0 1842 5858">
     <span class='ocr_line' id='line_1_44' title="bbox 0 0 1842 5858; baseline 0 0"><span class='ocrx_word' id='word_1_433' title='bbox 0 0 1842 5858; x_wconf 95' lang='lat' dir='ltr'> </span> 
     </span>
    </p>
   </div>
  </div>
 </body>
</html>
