3674 5858
607 371 710 423 thclav
730 371 850 439 Plseckv
870 371 952 424 Petru
972 370 1137 425 Piseclremu
1158 372 1233 426 1510.
1610 375 1645 426 53

159 580 398 673 graecanicae
422 578 608 661 elegantiae,
632 580 767 662 quando
791 582 965 662 epistolam
990 603 1096 645 meam
1120 585 1210 663 apud
1234 595 1267 646 te
1290 587 1457 648 custodire
1481 587 1538 649 vis.
1572 586 1639 650 Sed

163 683 292 756 credo
316 681 397 744 illud
420 684 509 763 apud
534 682 682 747 Graecos
706 687 915 764 proverbium
940 688 995 748 vix
1011 688 1159 769 eflugies:
1184 686 1342 770 (mezera)
1354 687 1378 769 ¹)
1404 691 1466 751 hoc
1490 701 1556 753 est:
1573 711 1643 752 car·

162 800 292 860 bones
316 807 377 867 pro
401 788 559 851 thesauro
584 789 732 851 habebis.
769 789 853 852 Vale
877 792 1038 874 optimel)

863 1084 969 1148 XVII.

501 1239 665 1314 Vaclav
693 1239 874 1335 Ptsecky‘
903 1243 1031 1347 Petru
1060 1240 1324 1315 Piseckemu.

272 1429 296 1481 V
317 1429 444 1484 ΒοηοηΙΙ
465 1428 541 1484 1510
562 1460 593 1467 -
614 1431 646 1484 3.
665 1443 768 1496 srpna.
789 1429 898 1482 Zamlta
916 1428 1014 1483 ildost
1037 1446 1069 1482 za
1088 1429 1157 1483 deut
1177 1429 1230 1492 list,
1250 1430 1403 1498 poukazuje
1429 1431 1642 1484 knedostatec·

184 1516 260 1575 nosti
279 1516 327 1568 sve
345 1534 363 1569 a
381 1516 470 1569 horlru
489 1515 573 1584 prave
592 1517 756 1569 nastalemu.
793 1500 832 1569 Ze
857 1517 956 1570 nechal
981 1517 1046 1569 Petr
1070 1517 1247 1577 ueitelovlml,
1274 1517 1426 1584 schvaluje,
1454 1534 1470 1570 a
1497 1518 1568 1570 ‹ltlvd
1594 1535 1641 1571 mu

188 1609 253 1675 opet
269 1603 390 1671 polryny,
409 1602 504 1655 kteralr
523 1602 560 1670 by
580 1603 635 1655 mel
654 1603 739 1671 lrnihy
755 1602 822 1670 jeho
842 1602 962 1670 opatiiti.
999 1605 1132 1656 Konelne
1158 1605 1309 1672 napomlnd
1325 1603 1372 1672 jej,
1395 1604 1450 1674 aby
1468 1606 1558 1659 hledel
1577 1605 1640 1658 take

191 1689 308 1752 hlosolie,
326 1707 342 1742 a
363 1689 494 1757 vzlrazuje
511 1689 680 1757 pozdravenl
699 1690 834 1758 pratetum
854 1691 1057 1743 universitnim.
1075 1691 1154 1756 (List.
1174 1690 1231 1758 rlrp.
1251 1689 1300 1743 ets.
1320 1692 1378 1757 XI.)

274 1884 476 1947 Venceslaus
503 1885 644 1948 Boemus
669 1884 765 1946 Petro
790 1904 851 1946 suo
876 1903 952 1962 sp.
977 1883 1007 1944 d.
1047 1882 1215 1964 Efflagitas
1246 1904 1265 1944 a
1295 1903 1348 1945 me
1380 1884 1544 1966 longiores
1567 1886 1635 1963 epi-

210 1988 302 2060 stolas,
324 1998 356 2049 et
379 1990 424 2050 ita
446 1988 614 2071 efflagitas,
638 2000 682 2064 ut,
705 2008 789 2067 quae
814 1988 981 2049 rhetorum
1009 1999 1058 2049 est
1082 1988 1235 2065 conditio,
1266 1999 1467 2069 extorquere
1491 1988 1638 2050 videaris.
1665 2000 1679 2041 ⁵

208 2092 277 2154 Nam
298 2102 328 2153 et
352 2092 491 2154 multum
516 2093 591 2155 stilo
615 2113 690 2155 meo
707 2093 803 2168 laves,
826 2101 857 2154 et
881 2092 963 2172 plus,
987 2112 1085 2173 quarn
1102 2113 1161 2173 par
1177 2103 1234 2167 est,
1259 2091 1347 2153 illum
1364 2093 1516 2155 laudibus
1533 2093 1638 2169 effers,

216 2215 292 2276 quem
314 2216 376 2277 ego
400 2198 484 2258 bene
507 2199 582 2259 novi
612 2198 638 2259 si
665 2217 731 2258 non
754 2215 992 2278 usquequaque
1016 2197 1193 2257 barbarum
1224 2207 1334 2258 tamen
1363 2207 1395 2258 et
1424 2197 1582 2258 trivialem
1606 2207 1638 2258 et

212 2300 280 2361 humi
301 2310 496 2380 serpentem,
519 2320 578 2362 nec
604 2300 668 2362 ulla
691 2299 739 2361 vel
765 2301 942 2362 secretiore
973 2301 1123 2362 doctrina
1146 2299 1196 2361 vel
1220 2320 1377 2363 sensuum
1401 2301 1558 2382 gravitate
1581 2312 1638 2362 aut

213 2403 343 2483 elegantia
366 2404 607 2466 scaturientem.
654 2402 728 2482 Qua
752 2406 793 2467 de
818 2423 852 2466 re
876 2404 901 2465 si
925 2404 982 2465 tibi
1005 2404 1149 2465 absurde
1180 2405 1222 2466 ad
1247 2406 1494 2483 persuasionem
1518 2404 1638 2467 dicenti

214 2525 310 2568 norem
340 2528 406 2570 non
436 2528 525 2589 gero,
559 2507 636 2570 nihil
668 2517 717 2571 est
748 2528 807 2570 cur
836 2517 869 2568 te
900 2508 1083 2570 ammiratio
1115 2517 1240 2586 teneat,
1277 2510 1431 2571 consuevi
1462 2509 1547 2570 enirn
1570 2528 1677 2576 nonio

215 2628 422 2692 usquequaque
454 2611 640 2675 rhetoribus
671 2611 780 2674 faciles
803 2610 1063 2674 adcommodare
1092 2631 1195 2673 aures.
1241 2610 1330 2690 Quid
1361 2613 1456 2686 enim,
1487 2613 1638 2688 obsecro,

215 2714 245 2773 rei
262 2727 309 2791 est,
338 2715 429 2797 quod
460 2725 496 2777 tu
520 2735 610 2778 meas
634 2715 799 2798 longiores
826 2714 982 2793 epistolas
1013 2723 1188 2791 tantopere
1219 2715 1374 2777 affectas?
1414 2714 1502 2779 Num
1526 2735 1582 2777 eas
1605 2717 1636 2778 in

214 2820 324 2881 eundem
348 2819 467 2902 redigis
482 2819 632 2882 ordinem
649 2840 725 2882 cum
742 2818 962 2882 Ciceronianis
979 2819 1190 2894 orationibus,
1215 2828 1250 2880 ut
1266 2840 1339 2881 earn
1356 2830 1452 2899 putes
1469 2822 1636 2900 optimam,

215 2938 275 2998 quae
293 2935 338 2985 est
361 2924 569 3007 longissima?
592 2921 659 2986 Sed
683 2925 767 2986 nosti
793 2943 867 2985 reor
892 2943 944 2985 me
969 2942 1099 2984 mecum
1123 2922 1230 2984 solere
1255 2923 1411 2986 habitare.
1437 2924 1525 2985 Nolo
1549 2926 1634 2986 enim

214 3041 251 3084 ne
267 3036 353 3104 putes
376 3027 547 3105 Pyrrhum,
571 3037 607 3089 ut
630 3026 860 3089 Alexandrum
884 3026 974 3087 illum
999 3047 1052 3088 me
1076 3036 1323 3106 repraesentare
1346 3039 1468 3108 putem.
1493 3027 1571 3091 Scio
1594 3038 1634 3105 et,
1649 3052 1674 3094 15

214 3130 278 3204 quod
297 3131 372 3193 mihi
394 3131 551 3208 tribuunt,
575 3151 675 3212 quam
699 3150 854 3213 magnum
878 3131 926 3205 sit,
949 3142 981 3192 et
1005 3131 1095 3211 quod
1120 3133 1150 3192 in
1175 3152 1227 3193 me
1251 3132 1427 3211 reponitur,
1450 3151 1549 3212 quam
1573 3131 1634 3194 vile

213 3240 248 3291 est
265 3244 290 3296 et
310 3236 549 3298 circumcisum.
574 3235 751 3315 Propterea
774 3236 806 3296 in
830 3246 896 3296 tam
919 3236 1056 3297 arduam
1080 3237 1280 3314 provinciam
1302 3237 1433 3297 minime
1457 3235 1633 3298 descendo

214 3329 278 3410 Quid
298 3341 380 3401 enim
404 3340 533 3402 nivibus
556 3340 699 3402 hibernis
723 3339 860 3401 similem
884 3340 1065 3401 orationem
1086 3340 1265 3420 expectas?
1290 3339 1334 3401 At
1351 3360 1437 3402 nunc
1452 3337 1536 3401 Sirio
1553 3360 1635 3401 cane

214 3455 254 3498 ora
271 3462 320 3505 sua
342 3453 519 3506 exercente
542 3456 608 3506 tam
633 3445 742 3505 omnia
767 3443 957 3525 deflagrant,
982 3455 1016 3504 ut
1033 3445 1088 3504 vix
1105 3455 1231 3525 guttam
1248 3445 1390 3525 aliquam
1407 3445 1465 3507 tibi
1481 3444 1633 3506 instillare

214 3540 262 3605 sine
284 3547 391 3611 iniuria
423 3549 556 3628 possim,
584 3548 659 3610 hinc
683 3547 848 3610 caloribus
880 3547 938 3609 illis
969 3568 1047 3610 sane
1080 3549 1223 3624 Aetneis,
1254 3548 1328 3611 inde
1359 3549 1673 3627 occupationibusso

213 3661 250 3706 me
266 3652 300 3712 ab
321 3653 385 3715 hoc
411 3672 546 3714 munere
570 3652 807 3714 distinentibus.
853 3650 977 3714 Scribis
1005 3663 1037 3713 te
1067 3652 1222 3714 alahore
1253 3652 1476 3714 moderandae
1501 3651 1632 3714 scholae

212 3746 354 3818 alienatum
378 3759 472 3818 iustis
496 3756 538 3818 de
562 3757 695 3831 caussis,
726 3776 808 3836 quas
835 3775 896 3836 ego
920 3756 1037 3835 pr0b0.
1083 3753 1150 3817 Sed
1182 3757 1238 3817 ubi
1270 3757 1402 3818 dentem
1427 3753 1476 3835 (ut
1500 3753 1631 3835 dicitur)

211 3847 386 3923 Theoninum
410 3859 507 3922 addis
530 3859 681 3941 salesque
704 3860 856 3934 acriores,
880 3878 1088 3939 nequaquam
1112 3860 1188 3921 mihi
1213 3861 1381 3937 probatur.
1414 3859 1522 3920 Placet
1545 3860 1631 3920 enirn

212 3951 268 4020 illud
285 3961 582 4044 Aristophanicum‚
606 3962 696 4045 quod
720 3982 786 4024 uno
810 3963 912 4024 verbo
936 3962 1174 4045 elegantissime
1190 3963 1386 4043 complexus
1402 3972 1451 4024 est
1469 3960 1631 4043 (mezera),

213 4055 330 4130 horest:
361 4087 403 4129 ne
426 4067 590 4129 malorum
619 4068 871 4147 praeteritorum
903 4086 1029 4128 mernor
1053 4069 1105 4128 sis.
1151 4066 1252 4145 Quod
1283 4068 1489 4129 chartaceam
1521 4066 1671 4146 supel-as

212 4157 316 4232 lectilem
333 4171 506 4253 diligenter
521 4179 552 4232 te
568 4190 747 4251 procurare
763 4171 885 4246 scribis,
909 4170 986 4232 facis
1001 4179 1037 4231 tu
1054 4172 1187 4251 quidem
1204 4173 1316 4244 amice,
1340 4171 1400 4232 etsi
1416 4170 1631 4232 intellexerim

212 4267 240 4327 ab
257 4274 313 4338 aliis
335 4286 367 4337 te
392 4285 469 4355 post
493 4275 677 4358 digressum
701 4295 811 4336 meum
843 4274 1019 4336 assoemia
1050 4294 1090 4335 ne
1114 4295 1214 4336 unum
1247 4275 1380 4356 quidem
1409 4274 1558 4336 codicem
1583 4274 1629 4335 di-

212 4377 371 4442 vendidisse.
418 4377 520 4458 Quod
544 4380 570 4441 si
594 4381 638 4441 ita
661 4379 769 4455 habet,
800 4398 923 4458 susque
946 4378 1055 4457 deque
1079 4383 1127 4455 (ut
1151 4375 1254 4457 aiunt)
1278 4378 1370 4454 facio,
1393 4379 1459 4439 imo
1484 4398 1561 4439 vero
1584 4379 1627 4439 ita

213 4472 330 4559 decerne,
353 4495 389 4547 ut
413 4483 604 4545 minutiores
627 4482 699 4545 illos
722 4482 852 4556 vendas,
877 4493 909 4543 et
932 4502 1016 4563 quos
1032 4483 1121 4542 aiunt
1137 4481 1341 4560 proletarios.
1365 4478 1529 4543 Classicus
1548 4501 1627 4542 vero

212 4594 337 4665 auctores,
368 4597 405 4650 ut
427 4597 477 4649 est
501 4586 647 4649 Plotinus
677 4595 709 4648 et
734 4586 765 4647 id
789 4606 892 4668 genus
915 4586 975 4662 alii,
1003 4586 1112 4661 retine,
1146 4585 1280 4646 domino
1312 4584 1474 4666 Gregorio
1499 4583 1668 4662 Hruby,30

213 4691 312 4760 quando
327 4691 475 4767 voluerit,
493 4691 621 4770 copiam
636 4689 766 4752 illorum
783 4689 940 4752 iaciendo.
960 4689 1012 4750 De
1029 4689 1118 4750 ltalia
1132 4698 1242 4750 tecum
1258 4688 1408 4768 pluribus
1425 4688 1627 4768 propediem,

212 4802 271 4853 nunc
297 4795 390 4856 velim
421 4795 519 4856 etiarn
550 4792 778 4874 philosophiae
809 4794 980 4868 sacrifices,
1014 4813 1055 4854 ne
1090 4793 1245 4871 profanus
1275 4794 1318 4854 ab
1349 4792 1522 4854 Eleusinae
1554 4790 1626 4870 (sic)

213 4938 382 4957 χ..-

271 5015 286 5082 ¹l
302 5017 410 5070 Mezera
427 5023 486 5068 tato
501 5015 556 5082 jest
575 5033 592 5067 v
611 5015 684 5068 obou
703 5014 879 5083 rukopisech,
903 5013 1048 5082 ponevadi
1074 5014 1148 5080 plsat
1166 5014 1248 5064 teche
1268 5012 1363 5064 vloiee
1384 5012 1462 5079 (snad
1482 5007 1625 5076 ἄνθρακες

212 5096 328 5172 litaverit)
346 5103 512 5157 nerozumel.

270 5205 423 5274 ¹)Vroeenl
440 5207 506 5260 listu
523 5208 621 5260 tohoto
640 5206 754 5260 zattadt
772 5223 802 5257 se
821 5222 856 5257 na
875 5203 984 5256 zmlnce
1004 5221 1020 5255 o
1040 5202 1172 5270 apostasii
1192 5203 1227 5254 M.
1240 5201 1328 5270 Jiilho
1347 5202 1422 5268 Sovy
1436 5217 1451 5252 z
1464 5199 1624 5262 Chrudime‚

211 5282 265 5344 hert
278 5295 353 5349 udala
369 5311 401 5348 se
420 5311 437 5346 v
455 5296 534 5363 poste
552 5310 573 5346 r.
593 5292 670 5346 1510.
