3652 5858
658 403 708 473 Jau
727 390 839 458 Plechta
858 403 1024 459 Ptsectemu
1044 403 1121 458 1507.
1584 405 1620 458 43

162 613 232 675 sius
255 613 439 676 aemulatus
463 626 520 689 est,
542 615 634 696 quasi
658 625 690 677 et
714 616 783 695 ipse
806 610 1008 683 stoicaretur3
1036 610 1237 693 Augustinus
1262 613 1292 672 in
1317 611 1446 690 publica
1469 616 1622 694 opinione

161 728 214 780 est
244 715 411 781 Platonem
442 717 711 798 philosophorum
746 738 815 780 esse
849 717 1040 797 principem;
1074 713 1255 794 Appuleius
1285 715 1485 777 Platonicum
1520 737 1556 778 se
1589 729 1621 778 et

161 839 237 883 esse
259 832 292 883 et
314 820 376 884 dici
399 822 512 890 voluit;
536 821 722 885 Macrobius
741 835 850 885 autem
867 820 971 881 multo
987 818 1059 898 plus
1075 817 1177 880 desert
1194 817 1318 881 Platoni
1334 839 1432 898 quam
1449 817 1623 884 Aristoteli.

162 921 237 986 Nec
259 924 351 987 aliter
373 927 469 988 sentit
491 923 663 989 Severinus
687 925 827 999 Boetius,
851 925 953 1005 magis
977 923 1024 1003 (ut
1048 922 1124 983 mihi
1149 918 1287 1005 videtur)
1310 922 1496 985 Platonicus
1525 943 1624 1004 quam

161 1026 398 1102 Aristotelicus,
423 1048 506 1110 quos
529 1041 678 1092 auctores
701 1049 815 1110 parum
839 1031 920 1090 inter
943 1046 978 1088 se
1001 1025 1119 1087 distare
1142 1026 1315 1089 docturum
1338 1047 1373 1087 se
1388 1027 1533 1106 quodam
1550 1030 1623 1090 loco
1650 1043 1664 1084 s

161 1133 320 1213 promisit,
349 1131 562 1213 Porphirium,
594 1143 629 1195 ut
652 1135 797 1209 arbitror,
828 1140 992 1214 sequutus,
1023 1132 1076 1209 qui
1108 1149 1204 1191 unam
1234 1130 1299 1192 vult
1328 1130 1532 1211 eandemque
1554 1152 1625 1194 esse

163 1235 309 1298 Platonis
338 1246 370 1296 et
400 1235 584 1300 Aristotelis
611 1237 779 1300 haeresim.
827 1235 862 1298 In
892 1253 957 1315 qua
987 1235 1142 1313 opinione
1165 1233 1222 1296 luit
1251 1245 1280 1296 et
1310 1232 1501 1313 Simplicius,
1536 1238 1625 1298 cuius

162 1338 247 1401 haec
269 1351 318 1402 est
340 1341 515 1403 sententia:
542 1339 669 1404 »Nemo
692 1340 881 1420 profiteatur
896 1335 1113 1409 Aristotelem,
1137 1338 1191 1416 qui
1207 1337 1375 1400 Platonem
1392 1340 1434 1400 ab
1450 1337 1625 1402 Aristotele

163 1442 319 1507 dissociat
342 1454 377 1506 ut
400 1443 525 1508 diversa
548 1446 768 1507 sentientent.«
794 1441 852 1507 Cui
876 1454 986 1505 autem
1010 1450 1117 1519 potest
1139 1441 1319 1503 consentire
1342 1441 1432 1503 Plato
1455 1462 1529 1504 cum
1554 1443 1625 1506 Ari-

162 1547 285 1610 stotele
315 1550 374 1611 nisi
405 1550 443 1621 ei,
475 1550 529 1630 qui
560 1549 661 1612 libros
691 1559 723 1612 et
753 1549 1046 1611 commentationes
1077 1547 1244 1624 utriusque
1278 1547 1485 1626 cognoverit?
1521 1545 1622 1628 Atqui
1637 1562 1663 1603 ro

163 1652 271 1715 dices:
295 1671 452 1734 quorsum
474 1653 574 1715 haec?
594 1651 645 1715 Eo
662 1671 790 1732 nempe,
815 1661 849 1714 ut
865 1649 1022 1731 intelligas
1038 1648 1124 1709 liberi
1149 1667 1220 1709 esse
1239 1650 1356 1710 arbitrii
1372 1669 1626 1731 unumquenque
1667 1639 1670 1645 ’

168 1756 216 1818 ad
239 1755 387 1838 eligenda
416 1767 447 1818 et
475 1757 629 1819 sectanda
653 1776 700 1833 ea,
731 1775 814 1836 quae
841 1755 900 1815 sibi
925 1755 1027 1836 magis
1050 1753 1231 1814 conducere
1259 1754 1448 1817 viderentur.
1495 1755 1571 1818 Hoc
1594 1768 1626 1818 te

166 1868 282 1922 tamen
304 1878 414 1934 unum,
437 1860 464 1920 si
479 1861 611 1939 patiare,
634 1859 811 1921 admonere
827 1859 930 1932 velim,
953 1877 994 1920 ne
1010 1876 1215 1919 communem
1234 1858 1407 1919 multorum
1430 1863 1528 1920 nostri
1548 1872 1627 1921 tem-

168 1964 262 2043 poris
283 1981 424 2024 errorem
448 1963 496 2026 vel
521 1961 571 2045 (ut
593 1965 697 2025 verius
719 1959 848 2043 loquar)
871 1962 1081 2024 deliramenta
1103 1964 1253 2040 sequaris,
1276 1964 1329 2040 qui
1347 1982 1448 2042 quum
1463 1964 1506 2025 ad
1527 1966 1628 2026 omni·

167 2067 291 2131 modae
321 2068 510 2131 eruditionis
538 2069 661 2148 apicem
692 2066 867 2129 ascendere
894 2068 1046 2141 nituntur,
1079 2067 1110 2125 in
1140 2084 1203 2126 una
1237 2066 1404 2127 dialectica
1433 2077 1520 2128 totos
1547 2068 1624 2141 dies
1640 2096 1666 2138 15

165 2176 272 2236 immo
294 2191 397 2234 annos
420 2182 452 2233 et
475 2184 615 2235 aetatem
638 2182 741 2234 totam
764 2181 943 2245 conterunt,
966 2181 997 2230 et
1018 2171 1048 2229 in
1065 2168 1126 2230 hac
1140 2170 1208 2231 sola
1225 2171 1444 2248 immorantur,
1467 2183 1621 2251 tanquam

166 2279 236 2339 iarn
259 2286 382 2338 certum
406 2276 545 2355 aliquem
577 2287 610 2337 et
640 2274 833 2355 deputatum
864 2274 1044 2336 studiorum
1076 2292 1209 2335 suorum
1240 2272 1338 2334 finem
1369 2285 1476 2336 essent
1504 2275 1622 2355 adepti,

166 2380 303 2444 stultam
327 2380 402 2441 inde
425 2378 603 2459 plerunque
626 2380 830 2458 loquacitatis
859 2397 936 2440 suae
959 2379 1133 2440 vanitatem
1164 2379 1318 2439 iactantes
1348 2389 1380 2440 et
1411 2389 1622 2442 ostentantes.

167 2482 266 2563 Quos
288 2483 502 2563 Quintilianus
525 2486 556 2544 in
583 2483 857 2545 ›Institutionibus
880 2480 1055 2543 Oratoriis‹
1089 2481 1207 2543 talibus
1238 2481 1342 2542 ridere
1369 2483 1510 2544 videtur:
1541 2503 1625 2563 quos

167 2590 314 2668 reperias
343 2589 374 2648 in
406 2586 606 2668 disputando
638 2591 717 2649 mire
739 2586 883 2660 callidoS,
914 2606 1014 2667 quum
1046 2597 1153 2647 autem
1185 2587 1226 2647 ab
1258 2586 1309 2647 illa
1339 2586 1540 2649 cavillatione
1563 2591 1666 2656 dis-20

167 2695 337 2765 cesserint,
362 2710 427 2752 non
452 2693 553 2774 magis
576 2690 723 2753 sufficere
739 2710 837 2771 quam
854 2710 952 2771 parva
968 2690 1129 2770 quaedam
1147 2690 1305 2761 animalia,
1329 2709 1414 2770 quae
1430 2693 1460 2753 in
1476 2695 1632 2775 angustiis

168 2796 307 2859 mobilia
339 2794 632 2875 deprehenduntur,
667 2813 820 2874 campum
844 2806 952 2856 autem
977 2794 1099 2876 fugiunt
1123 2807 1155 2856 et
1179 2796 1290 2857 timent
1313 2795 1500 2859 diverticula
1522 2809 1554 2860 et
1576 2819 1632 2860 an·

167 2901 293 2964 fractus
316 2899 506 2962 infirmitatis
529 2918 608 2961 suae
630 2898 781 2981 suffragia
803 2899 962 2962 habentes
985 2910 1027 2972 ut,
1051 2901 1105 2978 qui
1128 2919 1224 2962 cursu
1247 2919 1382 2978 parvum
1405 2901 1521 2974 valent,
1545 2901 1632 2964 flexu

168 3004 317 3083 eludant.
363 3001 448 3064 Nolo
473 3021 524 3062 me
547 3012 656 3064 tamen
687 3021 730 3064 ex
761 3003 809 3064 his
832 3002 1033 3065 dialecticam
1066 3013 1275 3065 contemnere
1302 3007 1479 3067 existimes
1527 3006 1632 3068 Absit.

168 3107 250 3171 Scio
273 3110 366 3180 enim,
390 3117 546 3186 quantum
571 3105 611 3166 illi
627 3117 734 3168 sectae
751 3106 1017 3186 philosophorum
1035 3108 1182 3170 omnium
1198 3109 1351 3185 tribuant,
1375 3110 1444 3170 scio
1461 3111 1551 3190 quod
1570 3131 1633 3172 una
1647 3131 1674 3172 tn

170 3211 357 3275 liberalium
369 3220 418 3273 est
431 3219 463 3272 et
476 3211 526 3272 via
536 3230 575 3272 ac
587 3210 710 3292 gradus
723 3211 763 3272 ad
778 3210 843 3273 alta
856 3212 1036 3273 nitentibus
1048 3212 1197 3292 interque
1210 3211 1486 3292 philosophorum
1500 3213 1633 3275 dumeta

170 3315 395 3400 gradientibus
417 3333 482 3376 non
511 3313 629 3376 inutilis
648 3326 827 3393 armatura3
851 3317 970 3376 excitat
992 3317 1076 3375 enim
1100 3314 1304 3388 intellectum,
1328 3319 1432 3399 signat
1455 3320 1517 3378 veri
1541 3320 1633 3393 viam,

172 3430 336 3482 monstrat
348 3421 445 3481 vitare
458 3418 597 3480 fallacias
613 3429 848 3499 promptosque
863 3417 905 3480 ad
922 3421 1030 3480 omnia
1045 3429 1077 3480 et
1093 3430 1224 3500 argutos
1240 3418 1323 3480 lacit.
1342 3419 1415 3481 Hoc
1427 3421 1469 3481 ita
1483 3439 1554 3481 esse
1567 3440 1632 3482 non

174 3521 308 3586 infitior.
346 3522 470 3585 Verum
499 3541 565 3583 non
588 3524 705 3597 statim,
730 3542 793 3603 qua
820 3523 954 3584 honeste
978 3524 1159 3597 transimus,
1183 3522 1384 3584 laudabiliter
1407 3526 1631 3596 immoramur,

172 3628 324 3708 quinimo
346 3627 474 3688 viatoris
498 3626 598 3686 insani
621 3636 669 3687 est
692 3627 888 3687 amoenitate
903 3628 1024 3687 viarum
1041 3638 1136 3705 capto
1153 3623 1224 3709 (sic)
1242 3638 1355 3703 metae,
1378 3647 1475 3707 quam
1493 3627 1632 3689 destina·
1646 3648 1673 3689 ar

173 3750 278 3804 veras,
294 3729 447 3791 oblivisci.
461 3728 561 3791 Multa
575 3731 639 3791 cito
652 3732 804 3792 transisse
818 3743 849 3792 et
862 3750 1022 3811 nusquam
1035 3732 1111 3792 citra
1129 3733 1300 3793 terminum
1317 3735 1496 3794 substitisse
1508 3733 1636 3794 viatoris

174 3835 250 3897 laus
273 3845 330 3896 est.
364 3832 405 3894 Et
422 3833 464 3894 de
481 3832 528 3893 his
552 3835 613 3894 iam
631 3834 734 3896 diuet
751 3834 823 3915 plus
840 3854 938 3914 quam
954 3837 1041 3896 satis.
1067 3833 1141 3895 Non
1158 3834 1280 3908 dubito,
1296 3837 1470 3915 quominus
1494 3836 1564 3917 (sic)
1581 3856 1635 3897 me

177 3942 240 4001 ista
254 3938 451 4000 scribentem
467 3940 601 4018 ineptire
618 3938 715 4013 dicas,
732 3940 786 4018 qui
803 3941 858 4001 tibi
882 3939 933 4000 illa
949 3950 1102 4018 tanquam
1120 3939 1232 4020 ignaro
1248 3941 1367 4022 ingero,
1390 3943 1535 4020 iusteque
1559 3941 1634 4002 mihi

176 4041 256 4104 illud
280 4040 482 4103 Graecorum
512 4054 603 4104 vetus
633 4042 784 4125 adagium
816 4045 921 4121 possis
951 4043 1107 4103 obiicere:
1144 4041 1225 4105 »Sus
1249 4043 1458 4105 Minervam«.
1504 4043 1636 4105 Diceres

177 4145 313 4208 deinde:
336 4164 435 4227 quam
459 4147 524 4213 tibi.
549 4149 591 4206 mi
615 4145 770 4219 Sslecltta,
799 4148 913 4209 melius¹
937 4158 967 4208 et
991 4148 1095 4225 aptius
1119 4151 1303 4209 conveniret
1327 4150 1529 4209 committere
1552 4150 1633 4209 eius·
1649 4168 1676 4209 en

179 4248 269 4311 modi
292 4250 475 4328 disciplinas
498 4262 530 4312 et
554 4270 663 4312 earum
688 4264 839 4313 auctores
867 4253 913 4313 his
937 4252 1109 4325 taxandus
1140 4250 1328 4313 iudicandos
1352 4265 1384 4315 et
1408 4251 1636 4325 discutiendos,

179 4356 234 4434 qui
259 4373 314 4414 eas
336 4353 535 4434 profitentur,
559 4354 789 4435 disputareque
813 4368 844 4417 et
868 4358 1026 4437 inquirere
1048 4355 1167 4436 aliquid
1193 4356 1234 4417 de
1258 4355 1363 4418 officio
1380 4359 1476 4436 patris
1493 4355 1635 4428 familias,

182 4457 223 4519 de
247 4477 365 4536 pecore
388 4470 419 4519 et
444 4477 598 4537 pecorum
624 4462 788 4541 magistris,
813 4460 854 4522 de
876 4461 978 4521 villico
1003 4472 1034 4521 et
1050 4480 1116 4542 quo
1132 4474 1278 4540 tempore
1295 4462 1361 4540 agri
1377 4459 1494 4533 arandi,
1519 4470 1636 4522 sterco-

183 4561 281 4632 randi,
305 4561 433 4624 serendi
457 4575 531 4624 sunt
556 4562 636 4646 (sic),
661 4564 702 4625 de
725 4566 895 4647 generibus
919 4566 1087 4639 seminum,
1110 4565 1352 4635 frumentorum,
1385 4563 1581 4645 leguminum
1605 4575 1636 4624 et

183 4664 385 4744 pabulorum,
409 4667 580 4747 quomodo
603 4680 693 4747 prata
717 4668 870 4743 colantur,
899 4680 931 4729 et
963 4670 1121 4729 succisum
1154 4666 1283 4728 foenum
1315 4666 1411 4727 condi
1442 4665 1568 4739 debeat,
1596 4665 1678 4727 dero

185 4787 291 4829 messe
314 4782 346 4832 et
369 4772 478 4831 tritura
503 4784 534 4831 et
558 4774 671 4832 ceteris
694 4771 725 4832 id
747 4791 850 4855 genus
873 4773 970 4834 rebus
994 4770 1035 4832 ad
1059 4771 1275 4852 cognitionem
1292 4773 1464 4832 oeconomi
1480 4773 1638 4849 pertinen-

186 4873 281 4934 tibus.
305 4871 397 4951 Quae
420 4893 482 4955 ego
506 4877 565 4937 etsi
589 4895 662 4935 vera
685 4894 846 4937 essenon
869 4878 992 4957 ignoro,
1015 4878 1081 4935 scio
1105 4886 1214 4935 tamen
1231 4873 1358 4946 multos,
1382 4877 1526 4953 quamvis
1543 4876 1635 4935 rusti·

187 4979 321 5038 cationis
344 4974 503 5050 doctores,
535 4980 697 5039 maximos
721 4991 828 5041 tamen
852 4977 947 5039 luisse
972 4977 1191 5056 philosophos
1238 4975 1301 5039 Ubi
1333 4997 1374 5038 ex
1403 4989 1541 5058 utroque
1572 4977 1636 5038 hoc

189 5092 248 5142 est:
279 5080 473 5162 agricultura
497 5093 528 5143 et
551 5081 755 5161 philosophia
779 5101 928 5164 magnam
959 5102 1033 5143 cum
1057 5082 1152 5143 laude
1182 5093 1213 5142 et
1244 5082 1344 5163 gloria
1374 5084 1538 5159 assequuti
1562 5093 1635 5142 sunt

190 5184 365 5256 utilitatem,
389 5186 529 5247 animum
547 5186 684 5248 honesto
708 5199 740 5249 et
763 5187 928 5265 praeclaro
948 5187 1065 5261 studio,
1088 5205 1205 5265 corpus
1221 5206 1297 5247 vero
1313 5189 1431 5247 rustico
1447 5198 1636 5247 exercentes
1650 5205 1677 5247 ts

191 5285 311 5350 labore.
350 5289 467 5369 Neque
491 5290 547 5350 tibi
572 5289 651 5351 haec
673 5302 827 5371 tanquam
858 5294 968 5374 ignaro
992 5291 1107 5364 scribo,
1141 5292 1217 5369 quin
1242 5292 1349 5368 potins
1373 5299 1407 5350 ut
1431 5289 1636 5350 ostenderem
