3674 5858
586 412 705 483 Plsecky
723 412 871 467 Michalovi
894 432 925 466 ze
944 414 1040 468 Strdie
1061 413 1135 468 1510.
1554 414 1589 468 61

172 651 230 693 vera
253 638 331 704 sunt,
368 646 453 708 quae
486 627 529 688 de
561 627 622 689 ritu
647 628 751 707 gentis
782 637 1014 702 memorantur,
1045 627 1240 690 christianae
1264 627 1338 689 fidei
1363 648 1493 705 nornen,
1527 648 1593 690 non

172 734 261 807 cultus,
289 742 324 794 ut
356 734 411 813 qui
436 731 648 793 Hussitarum
672 751 799 794 veneno
823 731 931 794 inlecti
963 730 1068 812 (quod
1101 751 1238 794 avorum
1271 733 1431 794 memoria
1462 733 1594 807 accidit)

170 837 349 901 orthodoxae
373 834 449 898 fidei
472 835 597 898 cultum
621 856 737 916 parum
761 838 885 917 integre
909 835 1125 897 custodiant«
1164 834 1207 896 Et
1231 856 1296 897 non
1320 837 1365 897 ita
1388 835 1492 898 multo
1517 845 1594 915 post

168 944 214 1005 isto
239 939 457 1003 concluditur:
495 939 557 1002 ›Et
580 960 660 1022 gens
683 960 747 1002 una
769 949 819 1002 tot
851 940 959 1002 modis
989 961 1008 1000 a
1032 960 1127 1001 verae
1154 940 1284 1019 pietatis
1315 939 1406 1001 cultu
1429 940 1589 1001 aberrat«

136 1107 139 1113 ,
168 1045 245 1125 Quod
271 1064 333 1126 ego
365 1046 422 1106 ubi
445 1044 515 1127 legi,
548 1044 759 1106 vehementer
790 1043 915 1105 indolui
939 1044 1111 1106 miseratus
1142 1044 1279 1123 patriam
1304 1063 1411 1105 ineam
1434 1053 1501 1105 tam
1527 1063 1591 1105 non
1619 1071 1633 1112 5

166 1168 248 1230 aequa
267 1150 442 1211 incurrisse
465 1148 537 1221 lata,
564 1159 600 1210 ut
625 1148 666 1209 de
689 1168 728 1209 ea
751 1147 920 1209 salsissima
944 1167 1079 1228 quoque
1103 1144 1177 1229 (sic)
1209 1169 1246 1209 ac
1271 1148 1501 1210 nefandissima
1526 1168 1592 1209 non

166 1253 318 1334 inaugulis
341 1253 449 1315 solum
466 1253 657 1334 garriantur,
681 1253 739 1314 sed
757 1252 888 1332 publice
904 1253 1001 1313 etiam
1018 1252 1141 1331 scripto
1158 1253 1385 1330 comittantur;
1409 1272 1592 1332 parumque

165 1368 217 1419 erat
234 1358 462 1438 persuasiones
485 1357 554 1418 illas
578 1377 636 1437 per
659 1376 793 1436 asperas
816 1365 848 1417 et
870 1355 995 1417 steriles
1015 1355 1228 1417 Theutonum
1246 1357 1428 1434 provincias
1444 1356 1591 1427 diffundi,

165 1462 209 1522 nisi
228 1461 349 1523 ltaliam
372 1463 471 1524 etiam
494 1461 664 1541 attingant,
688 1470 787 1541 atque
811 1481 876 1540 quo
900 1459 951 1521 vel
975 1458 1098 1521 facilius
1121 1459 1344 1533 admittantur,
1370 1460 1422 1521 vel
1444 1462 1590 1523 tenacius

165 1566 305 1627 mentibus
328 1564 498 1627 hominurn
514 1566 681 1631 insideant.
706 1565 768 1626 sub
784 1566 915 1626 nomine
931 1563 1087 1625 historiae
1104 1563 1362 1645 promulgentur,
1384 1575 1452 1626 tarn
1469 1564 1589 1627 Hercle
1605 1589 1631 1631 ro

166 1668 247 1741 anilia,
267 1680 334 1731 tam
358 1668 516 1737 fabulosa,
540 1679 575 1730 ut
599 1670 689 1749 ipsos
712 1668 842 1731 Alcinoi
860 1668 1021 1748 apologos
1045 1668 1130 1729 mille
1153 1670 1343 1750 parasangis
1366 1678 1590 1749 praevortant;

166 1792 244 1852 quum
265 1783 377 1835 tamen
400 1773 533 1836 historia
556 1792 622 1835 non
646 1774 748 1854 magis
772 1772 943 1834 salsitatem
968 1773 1127 1834 sustineat
1152 1770 1256 1853 (quod
1281 1772 1398 1835 Graeci
1415 1776 1592 1853 scriptores

166 1876 269 1957 volunt)
293 1897 394 1956 quam
424 1898 541 1958 aspera
569 1877 686 1939 arteria
710 1877 829 1938 cibum.
875 1876 983 1938 Huius
1013 1886 1123 1937 autem
1155 1877 1234 1937 tanti
1266 1876 1341 1937 mali
1372 1876 1495 1939 fontem
1525 1897 1592 1941 non

166 1980 272 2042 aliunde
294 1983 478 2044 censuerim
511 1981 710 2061 profluxisse
741 2000 840 2061 quam
864 1981 906 2042 ab
931 1979 1044 2042 Aenea
1067 1979 1177 2045 Siluio,
1209 1982 1263 2059 qui
1288 2000 1390 2060 quum
1420 2001 1481 2043 nec
1505 1982 1592 2063 leges

166 2083 294 2146 historiae
317 2106 336 2147 a
359 2087 484 2168 graecis
507 2086 724 2165 scriptoribus
747 2084 882 2145 traditas
906 2093 1026 2151 nosset.
1049 2094 1081 2145 et
1104 2082 1299 2165 gladiatorio
1324 2104 1459 2163 prorsus
1482 2086 1591 2147 animo
1608 2109 1633 2150 rs

166 2207 222 2269 erga
243 2189 385 2251 Boemos
409 2199 507 2267 esset,
536 2209 601 2252 non
634 2191 737 2270 magis
767 2209 843 2250 vera
874 2189 916 2250 dc
940 2187 1072 2249 Bo'emis
1100 2187 1229 2265 scripsit
1261 2207 1360 2268 quam
1391 2186 1517 2251 Ctesias
1541 2189 1593 2251 ille

166 2288 306 2356 Ctesiochi
330 2294 373 2356 de
390 2295 522 2376 regione
540 2294 698 2355 Indorum
720 2293 770 2354 vel
788 2293 986 2356 lamblichus
1003 2292 1044 2353 de
1061 2293 1141 2354 mari
1159 2292 1289 2373 Magno
1305 2294 1457 2355 nimirum
1474 2295 1594 2357 doctus

166 2398 284 2458 scribere
309 2397 479 2459 historiam
504 2417 571 2459 non
594 2418 613 2457 a
636 2397 836 2475 Thucydide
859 2397 1139 2475 praestantissimo
1164 2398 1310 2458 omnium
1326 2398 1593 2480 historiographo

166 2499 209 2560 sed
220 2502 259 2562 ab
274 2501 328 2563 illo
345 2499 502 2581 Creperio
519 2499 778 2581 Calpurnian0,¹)
802 2522 869 2581 quo
893 2503 925 2562 in
941 2501 1181 2563 conscribenda
1198 2501 1333 2564 historia
1348 2503 1426 2564 nihil
1442 2502 1593 2565 insulsius

166 2603 222 2665 nihil
242 2618 310 2666 erat
334 2605 477 2669 delirius,
502 2606 565 2667 Hic
590 2607 700 2687 itaque
723 2606 802 2666 dum
826 2607 948 2687 gratiae
972 2607 1082 2668 studet
1106 2606 1263 2668 evanidae
1287 2625 1467 2687 auramque
1484 2617 1634 2686 captatae

167 2708 345 2788 popularem,
369 2731 408 2771 ea
431 2711 562 2772 Boemis
584 2711 740 2779 attribuit,
765 2729 849 2790 quac
871 2729 978 2789 neque
1003 2710 1196 2790 Epicureos,
1228 2722 1263 2772 ut
1286 2713 1386 2783 aiunt,
1410 2710 1595 2774 fabulantes

167 2813 273 2890 audivit,
305 2824 409 2895 utque
440 2815 490 2877 alii
517 2815 637 2877 eodem
662 2834 773 2876 errore
802 2814 974 2886 ducantur,
1005 2815 1261 2876 commentarios
1292 2817 1323 2875 in
1354 2815 1412 2884 sui,
1444 2825 1481 2877 ut
1512 2836 1594 2889 reor,

167 2933 284 2992 poenam
309 2920 447 3000 reliquit,
470 2919 666 2981 exoluturus
690 2919 743 2980 illa
766 2916 848 3000 (sic),
878 2920 937 2980 nisi
969 2918 1011 2980 de
1035 2919 1134 2981 literis
1158 2929 1268 2981 actum
1293 2919 1412 2981 suisset.
1459 2919 1595 3001 Legitur

167 3017 227 3082 inter
252 3034 360 3085 cetera
391 3024 433 3086 ad
458 3024 545 3085 hunc
573 3025 719 3093 modum,
750 3043 835 3103 quae
866 3020 1049 3085 Sabellicus
1061 3024 1085 3101 ²)
1117 3022 1265 3085 Aeneam
1297 3035 1457 3103 sequutus
1479 3024 1593 3085 tradit:

170 3122 227 3188 »Est
248 3128 366 3190 eodem
390 3139 554 3190 conventu
578 3128 732 3189 damnata
756 3127 889 3208 Joannis
913 3126 1078 3208 Wigleplri
1098 3126 1249 3188 haeresis.
1274 3123 1359 3189 Sunt
1381 3138 1413 3188 et
1430 3127 1497 3189 duo
1513 3128 1633 3189 inibiro

168 3246 200 3289 ex
225 3232 289 3294 eius
324 3233 582 3294 assectatoribus
618 3232 782 3293 combusti
819 3241 854 3293 ut
888 3231 1150 3293 haeresiarchae:
1191 3231 1334 3312 Joannes
1372 3242 1594 3313 cognomento

169 3328 284 3397 Hussius
307 3345 340 3397 et
363 3334 595 3415 Hieronymus
625 3337 695 3398 eius
718 3335 907 3415 discipulus.
955 3336 1097 3398 Aiebant
1129 3334 1161 3396 hi
1193 3346 1349 3414 oportere
1379 3337 1539 3398 antistites
1562 3346 1594 3398 et

169 3453 275 3502 omnem
298 3441 423 3503 clerum
446 3442 488 3504 ad
512 3439 632 3503 Christi
657 3441 869 3502 imitationem
902 3460 1065 3520 pauperes
1088 3459 1168 3513 esse,
1199 3440 1276 3521 quia
1307 3441 1339 3501 in
1371 3439 1538 3519 opulentia
1561 3451 1593 3501 et

170 3535 228 3605 luxu
250 3546 365 3615 vivere,
395 3547 450 3627 qui
473 3544 592 3608 Christi
616 3565 793 3624 personam
818 3547 849 3606 in
873 3546 967 3606 terris
990 3555 1150 3626 gererent,
1180 3564 1295 3623 parum
1328 3544 1370 3605 ad
1401 3543 1592 3623 exemplum

169 3644 230 3710 ritae
251 3650 463 3713 conduceret.
485 3648 515 3712 O
540 3649 784 3712 haeresiarchas
814 3649 954 3711 aeternis
977 3649 1175 3711 cremandos
1199 3649 1362 3730 ignibusl‹
1404 3646 1486 3726 Quis
1510 3663 1632 3728 rogoao

171 3751 261 3816 melius
291 3754 425 3816 laudare
456 3760 570 3834 potuit,
603 3774 702 3835 quam
734 3755 788 3834 qui
819 3755 864 3815 sic
897 3754 1126 3832 reprehendit?
1164 3751 1231 3815 Sed
1261 3753 1488 3832 complicanda
1516 3762 1592 3814 sunt

170 3853 228 3931 vela,
248 3859 381 3939 quando
405 3859 537 3921 chartae
560 3861 624 3921 iam
649 3878 765 3938 parum
789 3867 948 3937 superest.
994 3857 1069 3920 Hoc
1100 3878 1202 3920 unum
1234 3877 1471 3931 commemoro,
1499 3857 1590 3937 quod

170 3962 226 4021 tuae
245 3982 309 4024 non
332 3963 470 4026 adstruo
494 3963 647 4042 opinioni,
677 3983 742 4041 qua
773 3963 910 4041 patriam
941 3972 1087 4024 nostram
1112 3982 1178 4025 non
1200 3963 1308 4024 solum
1333 3961 1508 4023 barbaram
1532 3960 1591 4022 sed

172 4056 250 4136 ipsam
280 4067 466 4129 barbariem
496 4069 702 4147 nuncupasti,
734 4088 833 4129 ausus
865 4067 987 4129 scilicet
1016 4076 1084 4127 tam
1115 4066 1319 4127 venerandae
1343 4066 1389 4126 rei
1403 4066 1426 4144 ⁸)
1457 4074 1591 4145 tamque

172 4160 305 4232 denobis
336 4172 557 4234 benemeritae
587 4173 837 4254 ignominiosum
868 4193 906 4233 ac
932 4170 1157 4252 refugiendum
1187 4190 1308 4232 nomen
1339 4170 1459 4232 indere.
1507 4168 1631 4230 llludar

172 4282 228 4333 lero
248 4276 391 4337 maxime
414 4275 522 4349 doleo,
546 4277 637 4358 quod
662 4277 808 4339 studium
832 4276 910 4339 illud
934 4287 1001 4338 tam
1025 4275 1139 4357 frigide
1161 4276 1416 4346 administratur,
1441 4284 1477 4336 ut
1494 4273 1590 4335 Fabi-

170 4386 241 4439 anam
274 4380 518 4443 cunctationem
553 4382 649 4463 longe
683 4380 901 4456 transcendat,
935 4399 1137 4460 quamquam
1167 4400 1205 4440 ea
1244 4379 1319 4441 nihil
1344 4399 1431 4458 opus
1453 4387 1511 4454 est,
1534 4379 1591 4439 ubi

171 4490 208 4538 fes
231 4485 449 4546 maturitatem
479 4485 653 4548 desiderat.
698 4483 824 4546 Seneca
856 4485 985 4563 scripsit
1016 4483 1093 4545 nulli
1125 4485 1169 4545 rei
1197 4485 1358 4562 prodesse
1381 4501 1509 4544 moram
1532 4483 1591 4543 nisi

171 4588 337 4650 racundiae.
362 4586 427 4668 Qui
447 4610 487 4651 eo
510 4591 571 4652 sibi
594 4589 815 4669 adplaudunt:
843 4587 962 4668 »Quod
987 4588 1135 4649 differtur
1155 4608 1221 4650 non
1237 4587 1408 4663 aufertur,‹
1436 4586 1591 4648 Acessaei

171 4677 255 4753 lunam
276 4703 473 4755 venerantur
495 4697 598 4777 magis
622 4714 720 4775 quam
742 4694 946 4756 industriam.
992 4693 1105 4772 ltaque
1135 4693 1267 4754 tertium
1291 4702 1348 4768 est,
1379 4691 1470 4770 quod
1493 4712 1536 4752 ex
1558 4702 1591 4752 te
1605 4702 1632 4745 ⁴⁰

171 4853 213 4869 Q

216 4865 349 4876 -——

235 4952 250 5015 ¹)
267 4951 290 5003 L
319 4951 484 5020 Calpurnius
504 4951 577 5013 Piso,
595 4953 771 5020 suchoparny'
791 4951 907 5003 historik
926 4951 1039 5018 iimslry'z

234 5056 303 5123 ¹)M.
323 5055 462 5109 Antonius
481 5056 600 5109 Coccius
624 5056 787 5118 Sabellicus,
811 5056 1016 5124 humanistickp
1040 5055 1221 5124 historiogral
1242 5052 1351 5122 †1506.
1390 5055 1492 5122 Napsal
1513 5054 1591 5122 prvni

169 5137 311 5283 lllssgiitiircsfflnl
329 5143 422 5212 dejiny
446 5145 499 5211 pod
518 5145 625 5197 titulem
646 5143 822 5212 Rhapsodiae
848 5144 1032 5204 historiarum,
1056 5143 1121 5212 vyd.
1144 5141 1338 5195 vBendtlrdch
1366 5140 1539 5194 true-1504
1558 5159 1592 5194 ve

233 5323 447 5403 ¹)R.pridavi1:
467 5344 522 5388 tam
543 5335 662 5387 divinae.
