3674 5858
463 398 515 469 Jan
533 385 646 455 Slechta
666 398 861 464 Stanislavovi‚
879 400 997 470 biskupu
1017 399 1240 454 Olomouclremu
1260 398 1336 453 1522.
1590 398 1625 452 95

166 621 285 675 nostro
309 612 489 675 Bohemiae
519 611 668 692 plurimis
698 612 913 676 dissidionum
945 613 1027 688 (sicl,
1060 610 1240 675 lactionum
1263 620 1296 675 et
1320 611 1524 674 simultatum
1548 632 1626 691 pro·

167 714 257 776 cellis
273 717 404 799 agitato,
428 726 460 779 et
477 717 520 778 ad
538 716 660 778 bellum
686 717 873 779 intestinum
896 718 1000 798 magis
1024 736 1123 798 quam
1146 715 1190 778 ad
1214 736 1330 796 pacem
1354 725 1386 777 et
1410 716 1621 778 concordiam

168 838 286 898 pron0‚
313 839 400 882 nunc
432 821 530 881 etiam
560 820 592 881 in
622 819 692 881 aliis
724 821 898 900 provinciis
928 830 959 881 et
984 821 1179 894 nationibus,
1210 840 1295 900 quas
1326 829 1438 882 orator
1468 820 1626 895 accesisti,

168 923 269 984 rebus
291 924 414 1005 ubique
437 934 566 1004 praeter
590 943 683 1003 spem
708 945 752 986 ex
774 924 872 985 animi
895 925 1055 986 sententia
1078 925 1138 986 rite
1154 924 1348 1003 compositis
1371 923 1494 1004 liquido
1519 923 1626 985 decla·

168 1026 253 1107 rasti,
284 1027 315 1088 in
340 1027 461 1108 quibus
484 1028 574 1107 prius
597 1027 741 1090 nonnulli
767 1029 874 1110 magni
898 1039 929 1090 et
953 1027 1154 1090 excellentes
1178 1029 1244 1102 viri,
1277 1028 1321 1090 ad
1348 1027 1401 1089 illa
1423 1027 1570 1091 sedanda
1593 1038 1625 1090 et
1652 1041 1664 1076 ι’·

167 1128 313 1192 tollenda
338 1132 426 1194 missi
449 1133 505 1194 diu
529 1141 562 1194 et
586 1130 726 1193 multum
751 1132 938 1194 laborantes
962 1153 1002 1193 ne
1026 1132 1128 1194 hilum
1160 1132 1293 1214 quidem
1318 1131 1536 1212 proiecerunt.
1575 1132 1624 1196 Si·

167 1234 285 1297 militer
314 1236 407 1317 quod
438 1248 471 1298 te
501 1253 667 1315 proceres,
697 1235 851 1298 nobilitas
881 1246 914 1298 et
937 1236 1116 1316 populares
1147 1237 1254 1299 omnis
1285 1237 1528 1298 marchionatus
1553 1235 1625 1298 Mo·

168 1345 274 1400 ravlae
297 1338 358 1400 has
381 1340 426 1401 ob
450 1360 502 1402 res
526 1359 593 1402 non
617 1339 724 1401 solum
748 1339 927 1420 plurimum
958 1350 1069 1402 amant
1092 1341 1152 1402 sed
1175 1341 1274 1402 etiam
1296 1340 1419 1411 colunt,
1447 1340 1625 1401 observant

168 1450 261 1503 erut
285 1453 414 1522 patrem
445 1454 649 1520 venerantur,
681 1444 773 1525 quod
804 1442 953 1523 prolecto
982 1444 1241 1523 pulcherrimum
1265 1454 1297 1506 et
1320 1443 1492 1506 absolutae
1520 1443 1625 1505 laudis

168 1546 311 1609 videtur:
335 1548 537 1628 principibus
554 1547 715 1627 placuisse
732 1548 806 1609 viris
838 1548 904 1610 imo
921 1547 1018 1627 plane
1042 1550 1196 1611 omnibus
1220 1559 1357 1628 propter
1380 1557 1544 1609 tantarum
1561 1549 1623 1609 vir·
1640 1559 1665 1599 ¹⁰

167 1659 276 1712 tutum
299 1649 473 1732 singularia
497 1658 528 1711 et
552 1649 742 1730 multiplicia
765 1661 966 1728 ornamenta,
990 1652 1141 1732 beneque
1163 1652 1222 1714 tibi
1245 1652 1399 1733 adagium
1422 1650 1502 1712 illud
1526 1661 1620 1712 vetus

166 1755 271 1834 aptari
293 1763 327 1816 et
349 1755 561 1817 accomodari
584 1764 711 1835 potest:
739 1756 968 1837 »magistratus
991 1757 1096 1817 virum
1121 1754 1291 1817 ostendit«
1320 1753 1409 1817 Nolo
1426 1773 1512 1816 nunc
1529 1754 1621 1833 plura

167 1876 432 1920 commemorare
448 1857 490 1920 de
505 1858 642 1920 aliarum
667 1859 844 1921 multarum
869 1859 1025 1921 virtutum
1048 1869 1180 1920 tuarum
1204 1858 1333 1919 eximiis
1349 1856 1493 1931 dotibus,
1516 1858 1623 1920 sciens

167 1970 200 2023 te
223 1982 297 2024 esse
320 1972 432 2025 tantae
463 1949 652 2025 modestiae*
667 1974 699 2025 et
723 1963 905 2042 probitatis,
936 1974 972 2025 ut
996 1963 1037 2024 de
1061 1973 1092 2024 te
1116 1963 1213 2023 etiam
1241 1983 1334 2024 veras
1358 1960 1472 2023 laudes
1496 1962 1623 2041 praedi-

168 2075 280 2127 cantes
310 2068 470 2148 gravatim
500 2066 585 2129 serre
608 2067 722 2143 soleas,
754 2076 882 2129 tantum
907 2070 1009 2143 abest,
1039 2079 1076 2129 ut
1099 2066 1224 2128 fucatas
1246 2087 1337 2128 ames
1360 2075 1393 2128 et
1416 2065 1504 2128 lalsis
1528 2087 1621 2145 prae·
1639 2079 1663 2119 ¹⁵

168 2172 271 2232 coniis
287 2171 472 2234 oblecteris.
496 2171 625 2233 Deinde
648 2169 740 2251 quod
765 2172 899 2232 materia
923 2171 1019 2233 huius
1043 2169 1140 2232 libelli
1165 2190 1231 2232 non
1254 2171 1383 2232 videtur
1406 2171 1541 2232 omnino
1565 2170 1622 2230 ab·

168 2273 303 2336 horrere
337 2276 379 2336 ab
411 2275 464 2337 illa
487 2295 564 2338 vera
598 2284 631 2337 et
666 2294 794 2336 summa
825 2273 1043 2355 philosophia,
1074 2293 1174 2356 quam
1206 2272 1298 2336 Plato
1329 2275 1426 2335 etiam
1458 2284 1491 2335 et
1521 2283 1624 2336 nostrl

165 2377 367 2460 theologiam
395 2389 523 2454 vocant,
552 2388 585 2440 et
617 2379 710 2440 cuius
739 2388 774 2440 tu
798 2378 952 2441 alumnus
984 2400 1029 2453 es,
1060 2399 1144 2460 quae
1167 2378 1210 2440 de
1234 2377 1306 2439 Deo
1330 2386 1363 2439 et
1387 2378 1487 2440 rebus
1510 2378 1625 2439 divinis

167 2491 294 2558 tractat,
326 2480 501 2564 Deumque
525 2484 633 2563 ipsum
657 2482 855 2562 speculatur,
887 2483 1060 2563 quomodo
1084 2483 1114 2544 in
1138 2501 1178 2543 eo
1202 2491 1321 2543 cuncta
1352 2490 1427 2543 sunt
1451 2481 1493 2542 ab
1516 2500 1624 2561 eoque

168 2585 421 2664 proficiscuntur
452 2596 484 2647 et
515 2586 557 2648 ad
588 2606 664 2648 eum
694 2587 832 2649 redeunt
863 2597 894 2648 et
925 2587 956 2648 in
988 2606 1028 2647 eo
1052 2587 1291 2666 conquiescunt
1322 2593 1438 2665 utpote
1460 2585 1492 2645 in
1516 2586 1661 2664 primaw

167 2709 268 2752 causa
297 2700 330 2751 et
365 2691 540 2770 principio,
572 2691 743 2772 quomodo
779 2691 898 2753 deinde
933 2710 994 2753 nos
1028 2690 1088 2770 ipsi
1117 2690 1236 2753 eodem
1268 2689 1374 2768 primo
1406 2689 1566 2769 principio
1590 2689 1620 2751 in

168 2793 330 2856 mundum
354 2795 441 2857 hunc
464 2797 620 2869 venimus,
644 2806 677 2856 et
700 2797 867 2875 possimus
890 2815 951 2856 nos
975 2814 1080 2870 nosse,
1103 2794 1182 2874 quid
1206 2813 1330 2868 sumus,
1354 2795 1515 2874 quibusve
1538 2813 1617 2855 con-

166 2908 293 2960 stamus
324 2899 481 2978 partibus,
517 2912 549 2960 et
580 2918 664 2979 quae
704 2913 817 2962 nostra
855 2919 958 2978 opera
987 2899 1199 2979 actionesque
1230 2918 1303 2960 esse
1333 2898 1463 2974 debent,
1495 2908 1530 2959 ut
1561 2897 1621 2976 ipsi

167 3003 275 3082 primo
305 3003 474 3083 principio,
505 3004 560 3083 qui
584 3018 695 3065 noster
726 3014 776 3067 est
799 3014 830 3066 et
855 3004 927 3065 finis
950 3013 983 3065 et
1006 3011 1166 3082 perpetua
1196 3000 1331 3064 [elicitas
1354 3003 1621 3081 sempiternaque

167 3107 349 3183 beatitudo,
373 3107 526 3190 coniungi
551 3108 726 3170 valeamus.
752 3107 845 3170 Haec
861 3128 940 3190 ergo
956 3118 1005 3169 est
1021 3117 1091 3169 tota
1106 3107 1208 3168 nostri
1225 3105 1352 3186 farrago
1368 3104 1476 3180 libelli,
1499 3114 1535 3167 ut
1551 3105 1623 3180 hoc,
1635 3120 1663 3160 u

171 3220 331 3292 quantum
356 3211 387 3271 in
410 3211 507 3273 nobis
524 3222 582 3287 est,
605 3231 734 3274 summa
750 3232 837 3289 cura,
860 3232 988 3275 summa
1006 3211 1145 3290 denique
1168 3209 1386 3272 sollicitudine
1409 3220 1441 3271 et
1457 3208 1623 3271 indefesso

168 3316 279 3378 studio
311 3317 495 3396 cogitemus
518 3325 550 3378 et
573 3335 718 3398 agamus,
750 3338 790 3379 ne
820 3317 966 3379 animum
998 3323 1157 3392 nostrum,
1190 3314 1362 3376 creationis
1385 3314 1624 3389 immemorem,

168 3420 292 3482 vitiosis
317 3419 487 3481 libidinum
511 3419 635 3501 laqueis
659 3421 851 3501 implicitum
875 3432 1031 3501 tanquam
1055 3419 1238 3499 proiectum
1255 3438 1314 3498 per
1338 3418 1527 3497 praecipitia
1551 3437 1625 3497 per-

170 3523 297 3601 damus,
326 3524 475 3600 scientes,
505 3525 597 3605 quod
630 3524 693 3586 hoc
718 3544 775 3604 per
799 3523 944 3606 singulos
969 3524 1039 3585 dies
1061 3533 1230 3586 terrenum
1254 3541 1376 3600 corpus
1400 3529 1564 3601 operatur,
1591 3530 1627 3584 ut

171 3628 274 3708 possit
298 3647 397 3689 suum
420 3627 565 3690 divinum
589 3630 737 3709 spiritum
763 3629 870 3709 pravis
893 3627 1101 3707 voluptatum
1125 3626 1360 3706 cupiditatibus
1376 3634 1578 3705 occupatum
1594 3636 1626 3687 et
1640 3641 1667 3681 ao

172 3731 293 3795 blanda
309 3731 525 3797 solicitatione
549 3733 726 3813 deceptum
750 3733 896 3795 caducae
920 3731 1080 3813 fragilitati
1103 3751 1182 3793 suae
1197 3738 1380 3806 annectere,
1404 3741 1438 3792 ut
1455 3730 1628 3792 demersus

172 3849 204 3898 et
228 3836 450 3917 pessundatus
472 3857 641 3918 nunquam
665 3839 796 3919 originis
820 3857 899 3900 suae
915 3839 1020 3917 possit
1043 3836 1186 3898 invenire
1209 3835 1414 3914 principium,
1437 3834 1497 3897 sed
1521 3835 1553 3896 in
1576 3843 1624 3896 te-

173 3941 283 4003 nebris
307 3941 428 4003 erroris
451 3961 581 4020 semper
604 3963 664 4004 ceu
689 3944 719 4004 in
743 3961 885 4004 coenum
908 3943 1077 4021 proiectus
1099 3959 1166 4001 non
1189 3958 1287 4002 secus
1310 3959 1349 4001 ac
1373 3938 1553 4001 lutulentus
1569 3959 1625 4000 sus

174 4047 206 4108 in
221 4044 396 4107 volutabro
420 4044 597 4109 delitescat.
623 4046 795 4108 Praeterea
811 4055 847 4106 ut
864 4046 1101 4126 perspiciamus
1123 4053 1156 4106 et
1179 4045 1348 4120 enitamur,
1372 4043 1543 4124 quomodo
1567 4063 1628 4107 nos

174 4149 265 4229 ipsos
288 4148 496 4210 instituamus
520 4160 552 4211 et
568 4161 730 4230 aptemus,
753 4160 916 4229 quatenus
939 4150 1067 4212 animus
1091 4158 1204 4213 noster
1227 4169 1287 4229 per
1309 4158 1415 4211 semet
1437 4149 1546 4228 ipsum
1569 4161 1668 4211 nu-eb

176 4253 270 4315 minis
293 4252 343 4314 sui
365 4254 541 4315 autoritate
565 4265 739 4317 contentus
771 4264 897 4317 rectum
921 4264 952 4317 et
976 4256 1204 4333 incorruptum
1226 4253 1478 4316 immortalitatis
1501 4253 1562 4315 iter
1585 4253 1627 4315 ad

174 4357 333 4440 originem
356 4377 450 4418 suam
474 4377 623 4421 reversus
647 4360 795 4433 inveniat,
818 4371 850 4422 et
874 4378 941 4421 non
964 4359 1149 4422 errantibus
1173 4359 1341 4440 gressibus
1364 4377 1425 4420 nec
1442 4356 1627 4419 labantibus

173 4482 213 4524 ac
236 4461 475 4542 trepidantibus
492 4464 643 4544 vestigiis,
667 4465 749 4527 vitiis
772 4474 977 4527 terrenarum
1000 4462 1207 4542 voluptatum
1231 4481 1291 4525 ceu
1317 4462 1464 4542 pondere
1480 4462 1628 4543 quodam

175 4566 368 4649 gravissimo
391 4586 534 4646 pressus,
557 4569 697 4631 aeternis
720 4568 898 4632 inferorum
921 4567 1089 4648 suppliciis
1112 4567 1309 4631 cruciandus
1332 4566 1518 4648 deputetur.
1542 4565 1628 4628 Nam

175 4681 255 4733 tunc
279 4690 373 4733 mens
403 4682 524 4748 nostra,
551 4673 727 4735 maiestatis
758 4693 836 4735 suae
864 4672 1094 4736 recordatione
1124 4671 1260 4749 firmata,
1290 4691 1309 4733 a
1340 4671 1448 4751 pravis
1478 4671 1669 4749 corporisro

176 4775 339 4837 illecebris
356 4772 521 4851 liberatur,
545 4796 621 4839 cum
638 4778 774 4839 abiectis
791 4777 949 4839 felicitatis
965 4787 997 4838 et
1014 4776 1265 4840 immortalitatis
1287 4796 1367 4838 suae
1389 4775 1630 4855 impedimentis

175 4880 220 4943 ad
242 4889 394 4943 autorem
426 4901 522 4943 suum
555 4880 705 4944 festinato
737 4883 848 4943 nititur
871 4901 997 4964 gressu,
1028 4901 1089 4943 nec
1112 4881 1200 4943 aliud
1224 4900 1324 4962 quam
1347 4901 1399 4943 res
1423 4880 1548 4942 divinas
1570 4899 1629 4959 per

177 4984 287 5047 omnia
310 4984 467 5048 horarum
484 4997 651 5047 momenta
668 4987 776 5067 sagaci
792 5007 830 5048 ac
847 4986 992 5068 pervigili
1015 4987 1221 5068 inquisitione
1239 4986 1404 5067 perquirit.
1429 4984 1520 5046 Deus
1537 4985 1630 5060 enirn,

177 5089 355 5153 fabricator
379 5091 528 5165 hominis,
558 5091 602 5152 ita
625 5112 747 5170 corpus
777 5100 928 5153 nostrum
952 5102 1051 5169 prout
1074 5092 1177 5171 ipsius
1200 5090 1315 5152 mundi
1338 5110 1381 5151 ex
1404 5098 1546 5168 quatuor
1569 5087 1631 5149 ele·

177 5203 365 5257 mentorum
397 5196 633 5257 commixtione
664 5196 860 5274 composuit,
891 5196 972 5277 ignis
995 5195 1125 5272 scilicet,
1157 5214 1271 5274 aquae,
1294 5195 1378 5255 aeris
1402 5202 1435 5255 et
1456 5201 1573 5269 terrae,
1596 5203 1632 5254 ut
1645 5205 1672 5246 ⁴³

176 5299 210 5361 id
235 5300 324 5362 omni
348 5299 592 5378 praedictorum
610 5299 839 5362 coniunctione
862 5309 1044 5379 temperata
1067 5299 1109 5361 ad
1134 5298 1272 5361 lormam
1295 5298 1423 5361 divinae
1445 5296 1633 5360 imitationis
