3652 5858
625 368 744 437 Ptsecky
764 366 913 421 hlichalovi
937 386 969 422 ze
988 369 1083 424 Stratie
1103 370 1179 425 1510.
1594 377 1628 426 55

167 579 280 659 itaque
302 589 335 640 et
358 578 474 642 sedulo
497 579 529 641 in
552 600 625 642 mea
648 578 699 660 (ut
723 581 855 658 dicitur)
883 582 1004 644 harena
1028 602 1081 643 rne
1104 584 1270 645 exercebo
1293 594 1363 647 tum
1388 586 1527 665 legendo
1551 598 1621 649 tum

168 681 347 744 scribendo
377 682 428 744 vel
459 683 498 759 (si
522 683 583 745 diis
607 681 730 765 placet)
761 684 1019 764 interpretando
1066 686 1150 749 Nam
1181 688 1271 767 quod
1303 690 1346 749 ita
1372 690 1535 769 ineptiam,
1564 700 1621 753 tua

168 785 401 848 cohortatione
417 784 574 863 adducor,
596 807 637 848 ne
657 787 764 850 dicam
781 789 951 867 petitione;
975 791 1027 850 cui
1044 809 1106 872 ego
1123 810 1188 851 non
1205 792 1436 873 obtemperare
1453 793 1625 874 quomodo

167 910 318 970 possum,
340 891 397 972 qui
419 892 486 965 tibi,
510 890 633 953 scilicet
658 891 737 953 mihi
759 893 966 967 amicissime,
989 913 1109 975 negare
1132 894 1210 955 nihil
1234 896 1353 958 statui?
1377 895 1503 977 Accipe
1522 897 1626 977 igitur,

168 1014 272 1075 quam
295 995 445 1073 optabas,
478 995 659 1075 epistolam,
688 995 793 1058 multo
817 996 900 1071 licet,
926 1016 1026 1079 quam
1050 998 1101 1059 vel
1124 1007 1160 1060 tu
1185 1019 1317 1077 sperare
1342 1001 1488 1078 potuisti,
1519 1000 1622 1081 longi·
1651 1016 1663 1051 ⁵

168 1117 273 1173 orem,
295 1098 346 1160 vel
370 1118 433 1179 ego
456 1099 552 1175 volui,
576 1099 752 1162 rudiorem.
777 1099 903 1180 Accipe
926 1109 958 1162 et
982 1100 1065 1162 hanc
1088 1100 1223 1164 Graecis
1240 1102 1440 1183 descriptam
1456 1104 1625 1167 characte-

169 1203 272 1272 ribus,
295 1221 395 1282 quam
419 1201 564 1265 Mathiae
588 1202 778 1266 Chorambo
802 1205 995 1278 transmitte,
1026 1215 1059 1267 et
1089 1207 1391 1286 interpretationem
1415 1208 1492 1282 eius,
1516 1229 1625 1289 quam,

168 1306 196 1367 si
220 1304 338 1385 placet,
361 1306 451 1386 apud
474 1315 507 1369 te
531 1307 639 1368 retine.
664 1306 735 1370 Etsi
758 1327 901 1388 namque
925 1309 956 1368 in
979 1318 1069 1370 tuam
1092 1311 1231 1390 gratiam
1255 1311 1306 1371 hic
1330 1311 1406 1371 mihi
1427 1311 1520 1372 labor
1544 1332 1624 1374 exu-

169 1410 281 1485 dabat,
304 1420 414 1472 tamen
437 1411 483 1472 tui
507 1410 628 1471 arbitrii
651 1412 711 1472 erit
743 1411 824 1473 haec
856 1410 905 1472 vel
937 1412 1083 1491 recipere
1115 1413 1163 1473 vel
1186 1414 1246 1475 abs
1270 1422 1302 1474 te
1327 1414 1494 1493 repellere.
1540 1414 1625 1495 Quia

168 1514 258 1575 enim
281 1515 340 1576 tibi
363 1533 407 1576 ex
423 1534 476 1576 me
493 1516 613 1592 petenti
636 1534 750 1576 versus
774 1514 846 1577 illos
871 1514 1013 1576 hlathiae
1031 1513 1144 1596 (talem
1161 1517 1247 1577 enim
1264 1518 1450 1596 praeferunt
1466 1518 1665 1599 speciem)1⁰

169 1618 377 1698 interpretari
401 1637 461 1680 nec
484 1617 657 1694 audebam,
687 1639 756 1693 nec,
784 1631 820 1681 ut
844 1620 983 1701 ingenue
1007 1621 1124 1695 dicam,
1155 1621 1309 1698 sciebam,
1339 1624 1417 1703 quin
1441 1625 1551 1702 potius
1573 1625 1623 1686 vel

168 1722 214 1782 ad
239 1733 419 1801 perpetuos
443 1724 557 1786 silentii
587 1743 736 1785 carceres
767 1744 820 1785 me
852 1723 1009 1785 damnare
1032 1724 1195 1796 volebam,
1224 1726 1362 1788 reducto
1387 1727 1462 1788 dein
1486 1728 1624 1804 calculo,

166 1841 206 1887 ut
230 1846 338 1906 neque
360 1826 450 1889 illum
475 1830 689 1907 responsione
713 1828 909 1897 fraudarem,
940 1839 971 1890 et
1005 1829 1064 1890 tibi
1095 1829 1145 1889 vel
1179 1829 1239 1890 hac
1271 1840 1363 1908 parte
1390 1831 1622 1899 satisfacerem.

167 1928 300 1992 decrevi
323 1940 356 1992 et
378 1931 420 1992 ad
445 1951 520 1993 eum
544 1932 715 2010 epistolam
747 1952 866 2014 graeco
899 1933 1054 1994 idiomate
1078 1933 1232 1993 dictatam
1257 1934 1346 2005 dare,
1377 1936 1473 1996 etad
1498 1946 1530 1997 te
1554 1938 1624 1999 eius

166 2034 471 2113 interpretationem
495 2038 722 2097 transmittere.
768 2035 862 2113 Quae
885 2039 911 2097 si
935 2038 992 2098 tibi
1017 2037 1206 2098 duriuscula
1238 2037 1346 2099 forsan
1371 2039 1539 2103 videbitur.
1564 2041 1623 2102 im·
1639 2050 1663 2091 ¹5

166 2138 304 2217 putabis
319 2147 427 2201 totum
444 2139 523 2201 illud
539 2151 595 2202 aut
612 2141 679 2215 tibi,
703 2141 757 2220 qui
774 2142 932 2222 exegeris,
956 2150 1013 2202 aut
1029 2141 1116 2213 mihi,
1139 2143 1193 2222 qui
1211 2143 1254 2203 ita
1271 2143 1394 2203 ruditer
1409 2145 1623 2215 traduxerim,

165 2252 227 2304 aut
249 2253 337 2304 certe
361 2243 479 2305 latinae
497 2243 632 2325 linguae,
656 2263 741 2324 quae
758 2254 793 2305 ut
810 2253 861 2306 est
876 2244 982 2306 multo
999 2246 1153 2317 severior,
1178 2244 1363 2306 facilitatem
1386 2245 1473 2308 illam
1489 2266 1622 2328 graeca-

165 2347 275 2407 nicam
299 2356 331 2408 et
354 2347 546 2429 elegantiam
569 2368 636 2410 non
660 2368 898 2428 usquequaque
929 2349 1120 2410 aemulatur.
1169 2348 1272 2410 hlulta
1301 2349 1461 2430 siquidem
1487 2350 1623 2414 Graecis

165 2450 331 2526 dicuntur,
363 2472 447 2532 quae
475 2454 500 2514 si
524 2453 556 2514 in
580 2451 715 2514 latinum
739 2462 865 2514 vertere
899 2453 1061 2527 statueris,
1092 2462 1148 2515 aut
1172 2456 1306 2514 omnino
1330 2473 1396 2514 non
1420 2456 1536 2532 possis,
1567 2467 1624 2517 aut

165 2573 237 2616 non
260 2557 392 2634 proprie
415 2558 590 2636 exprimas.
630 2556 771 2618 Plurima
799 2558 895 2618 etiam
919 2557 1008 2636 apud
1032 2577 1091 2618 eos
1115 2557 1195 2619 mire
1219 2556 1393 2633 delectant,
1416 2579 1501 2639 quae
1526 2559 1622 2622 latine
1636 2586 1663 2628 20

165 2658 257 2719 dicta
280 2678 377 2721 aures
400 2660 584 2722 formidant.
624 2660 709 2722 Hinc
732 2670 789 2732 est,
822 2659 912 2740 quod
937 2660 1062 2721 Fabius
1087 2660 1251 2722 Venerem
1276 2661 1362 2722 illam
1387 2660 1531 2724 Atticam
1557 2664 1622 2725 Ro·

164 2763 273 2825 manis
295 2783 362 2825 non
386 2765 545 2841 concedit,
568 2764 761 2845 felicemque
786 2764 958 2826 Graeciam
982 2765 1013 2825 in
1037 2766 1278 2842 compositione
1294 2766 1472 2827 verborum
1497 2768 1622 2830 fatetur.

165 2865 265 2946 Quae
287 2868 436 2947 profecto
460 2868 586 2951 singula
610 2889 709 2950 quam
733 2888 808 2930 vere
833 2869 985 2943 habeant,
1016 2887 1078 2949 ego
1103 2888 1237 2949 quoque
1259 2869 1320 2930 etsi
1351 2870 1394 2930 ab
1418 2871 1623 2949 ignoratione

165 2991 285 3051 parurn
317 2974 549 3050 promoverim,
581 2973 778 3036 confirmare
809 2974 873 3034 iam
904 2992 1049 3051 possum.
1096 2969 1207 3049 Quare
1238 2973 1263 3034 si
1294 2973 1352 3033 tibi
1379 2976 1410 3035 in
1435 2974 1494 3035 hac
1526 2975 1623 3036 latina

164 3078 275 3138 minus
298 3076 465 3157 placuero,
489 3088 561 3139 utar
584 3076 639 3139 illo
662 3086 895 3158 strategemate
909 3080 931 3155 ¹)
958 3077 1106 3151 literario,
1134 3084 1169 3136 ut
1192 3074 1234 3136 ad
1258 3095 1407 3155 graecam
1432 3096 1619 3155 provocem,
1633 3101 1660 3142 ss

161 3182 196 3242 in
222 3200 286 3260 qua
310 3201 395 3258 sane,
419 3192 455 3243 ut
478 3194 511 3244 te
535 3183 683 3244 nescium
708 3183 839 3263 ignarus
862 3182 932 3260 ipse
956 3181 1181 3260 persuadeam,
1207 3179 1311 3240 multo
1336 3178 1410 3257 plus
1435 3180 1510 3241 mihi
1528 3181 1619 3244 faveo

161 3304 266 3366 quam
290 3286 321 3347 in
346 3285 453 3349 latina.
477 3286 578 3366 Quod
603 3288 629 3349 si
653 3287 695 3348 de
718 3287 844 3367 graecis
867 3285 960 3347 malis
985 3285 1096 3362 peiora
1121 3284 1181 3344 leci
1207 3283 1312 3355 latina,
1336 3303 1396 3363 age
1420 3305 1540 3346 munus
1557 3286 1621 3347 hoc

162 3391 400 3469 interpretandi
425 3391 569 3453 hlathiae
593 3401 708 3453 nostro
732 3391 888 3471 iniungas,
912 3389 943 3451 id
969 3388 1058 3468 quod
1083 3389 1113 3449 in
1131 3389 1240 3465 priore
1257 3387 1396 3466 epistola
1420 3388 1534 3451 fecisse
1555 3409 1620 3451 non

163 3494 333 3571 dubitasti,
356 3505 389 3557 et
413 3506 590 3576 utrumque
613 3494 785 3574 exemplar
815 3493 857 3555 ad
882 3513 934 3553 me
962 3512 1061 3572 quam
1093 3493 1233 3571 primum
1266 3492 1418 3553 destines.
1464 3492 1512 3554 lta
1535 3494 1620 3556 enim

165 3597 315 3659 futurum
340 3619 421 3675 reor,
445 3599 584 3661 utillud
616 3610 682 3661 tam
714 3598 927 3661 oblectationi
951 3606 1026 3658 tuae
1050 3616 1150 3676 quam
1174 3595 1302 3656 utilitati
1326 3615 1419 3658 meae
1443 3596 1661 3675 plurimumso

164 3700 324 3764 conferat.
363 3703 450 3766 Nolo
475 3714 585 3764 tamen
609 3712 704 3783 putes
728 3723 780 3763 me
805 3701 961 3761 lllathiam
986 3702 1018 3760 in
1041 3700 1151 3779 aliquo
1184 3699 1419 3777 reprehensum
1445 3701 1498 3775 ire,
1529 3701 1621 3762 cuius

163 3816 200 3868 et
231 3805 430 3888 diligentiam
460 3807 606 3869 admiror
637 3816 670 3867 et
702 3806 869 3867 laudarem
901 3803 1060 3882 profecto,
1091 3804 1150 3864 nisi
1182 3805 1271 3882 prior
1301 3804 1343 3864 ab
1374 3823 1414 3863 eo
1445 3805 1620 3867 immodice

163 3909 319 3973 laudatus
342 3910 420 3974 illud
445 3913 632 3992 paroemiae
655 3910 817 3972 audirem:
856 3907 1029 3969 »Mutuum
1053 3907 1130 3968 muli
1154 3908 1323 3969 scabunt«.
1369 3905 1455 3969 Satis
1478 3927 1621 3989 namque

163 4033 240 4097 age,
262 4014 357 4076 sime
379 4016 487 4095 ipsum
511 4015 740 4086 emendavero,
763 4014 818 4094 qui
842 4021 966 4092 quanto
991 4013 1094 4090 magis
1110 4011 1213 4073 disco.
1238 4020 1329 4072 tanto
1346 4012 1491 4089 apertius
1512 4031 1620 4086 cerno,

164 4116 248 4200 quid
271 4129 327 4182 aut
349 4129 438 4182 recte
461 4129 517 4182 aut
540 4138 715 4199 perperam
739 4118 788 4179 vel
812 4117 952 4179 dixerim
976 4116 1024 4177 vel
1049 4116 1243 4193 scripserim.
1266 4112 1333 4176 Sed
1350 4116 1449 4191 cupio
1467 4117 1498 4176 in
1514 4115 1619 4177 alieno
1633 4140 1660 4181 aa

163 4224 266 4286 etiam
288 4234 419 4303 spectro
444 4244 496 4285 me
519 4223 743 4302 contemplari,
767 4232 798 4283 et
822 4223 939 4301 partim
956 4240 999 4282 ex
1016 4219 1161 4289 aliorum,
1186 4221 1303 4298 partim
1320 4239 1363 4279 ex
1381 4238 1455 4281 meo
1472 4219 1617 4300 pendere

162 4327 304 4405 iudicio,
329 4342 430 4410 utque
446 4348 498 4390 me
515 4347 697 4395 exerceam,
716 4346 857 4399 omnem,
881 4325 971 4405 quod
989 4325 1085 4397 aiunt,
1102 4323 1241 4402 lapidem
1258 4341 1391 4383 movere
1411 4322 1616 4384 contendam.

165 4433 254 4496 Nam
278 4444 310 4494 et
333 4432 499 4495 Lucianus
528 4432 570 4493 ad
595 4432 810 4493 soloecismos
840 4439 940 4509 atque
972 4427 1154 4506 profectum
1187 4427 1388 4505 pharmacon
1411 4425 1444 4487 id
1468 4427 1617 4487 aestimat

163 4537 337 4617 optimum,
361 4537 388 4598 si
409 4536 486 4599 nihil
510 4537 697 4610 erubescas,
724 4545 756 4596 et
779 4534 964 4615 Euagorius
988 4533 1144 4611 sophista,
1175 4533 1200 4592 si
1223 4540 1255 4592 te
1279 4529 1418 4590 subinde
1442 4549 1615 4592 exerceas:

166 4640 369 4717 ›Dicendo,«
407 4642 517 4722 inquit,
555 4641 681 4702 »dicere
716 4639 874 4701 discant«.
921 4637 1061 4699 Proinde
1095 4635 1185 4715 quod
1216 4634 1258 4695 ad
1291 4632 1448 4694 lllathiarn
1482 4653 1658 4715 graecaseo

160 4745 322 4825 epistolas
352 4746 407 4821 do,
438 4745 527 4825 quod
558 4744 692 4807 easdem
723 4744 781 4804 tibi
813 4744 1018 4821 interpretor,
1052 4739 1163 4801 ardori
1192 4739 1224 4799 id
1257 4738 1368 4816 potius
1399 4738 1493 4799 dabis
1516 4758 1616 4818 quam

163 4850 385 4913 ostentationi.
431 4848 496 4910 Sed
529 4848 571 4910 de
599 4848 653 4909 illo
677 4847 835 4928 pluribus
865 4856 900 4906 ut
924 4846 1049 4923 opinor,
1080 4862 1177 4923 quam
1201 4842 1387 4904 necessitati
1411 4852 1615 4923 congruerat.

163 4952 258 5016 Volo
280 4958 366 5016 enim
389 4953 485 5015 aliam
509 4952 672 5015 scribendi
696 4951 896 5031 provinciam
921 4950 1008 5024 inire,
1032 4958 1068 5009 ut
1091 4946 1250 5025 epistolae
1274 4947 1374 5025 priori
1397 4965 1503 5025 nuper
1526 4945 1568 5007 ad
1585 4954 1616 5006 te

160 5059 375 5123 transmissae
410 5058 576 5139 quandam
610 5076 671 5118 ceu
703 5055 895 5117 coronidem
928 5053 1085 5115 adiiciam.
1132 5049 1226 5130 Quae
1257 5051 1391 5131 quidem
1423 5050 1497 5111 licet
1527 5068 1615 5111 nunc

257 5286 276 5353 ¹)
293 5284 364 5351 rkp.:
383 5288 619 5348 stratagemmate.
