3674 5858
207 394 243 449 80
569 400 622 468 Jan
640 383 753 452 Slechta
770 397 916 453 Brasmovi
935 397 1204 454 noterodamoktmu
1224 398 1299 451 turs.

208 607 332 684 pientes
362 618 599 667 sacramentum
629 606 705 668 illud
736 610 796 669 sub
828 627 892 669 una
925 586 1033 685 specie
1067 628 1132 670 non
1165 610 1268 669 minus
1298 606 1470 688 gratiarum
1498 603 1667 681 accipiant,

209 729 306 790 quam
340 711 395 790 qui
424 712 486 772 sub
519 725 664 791 utraque,
696 730 803 792 neque
832 713 886 791 qui
916 712 978 773 sub
1008 724 1145 792 utraque
1175 719 1315 784 sumunt,
1339 729 1404 771 non
1429 707 1501 788 plus
1524 716 1665 779 sumant,

208 832 307 893 quam
339 817 392 894 qui
425 815 487 876 sub
525 815 608 876 una?
665 813 757 876 llaec
794 815 984 878 subdentes:
1016 819 1039 878 si
1071 820 1141 888 ista,
1173 835 1257 897 quae
1291 823 1546 878 commemorata
1577 820 1664 885 sunt,

208 938 313 998 neque
351 920 409 1000 ipsi
442 929 630 983 tractatores
668 921 790 998 antiqui
828 938 989 982 sacrarum
1027 920 1189 983 literarum
1225 919 1420 992 docuissent,
1454 925 1562 977 tamen
1597 932 1665 974 non

180 1034 275 1085 terat
299 1024 396 1085 altera
420 1043 493 1104 pars
516 1026 706 1086 sacramenti
722 1024 868 1086 salutaris
892 1025 1015 1104 populo
1038 1026 1201 1087 communi
1224 1042 1321 1103 supra
1344 1023 1522 1084 institutum
1546 1017 1668 1083 Christi

208 1126 274 1189 ullo
304 1128 405 1190 modo
434 1128 661 1203 subtrahenda,
693 1147 766 1190 curn
798 1128 860 1190 hoc
891 1128 977 1190 aliud
1004 1128 1080 1190 nihil
1109 1131 1149 1190 sit
1179 1146 1278 1208 quam
1308 1143 1434 1187 merum
1456 1122 1668 1203 sacrilegium,

207 1250 313 1311 neque
336 1232 409 1313 plus
431 1251 547 1313 sapere
570 1232 750 1295 debuerunt
766 1252 863 1314 snpra
880 1231 965 1294 illam
993 1235 1129 1311 priscam
1152 1243 1183 1293 et
1207 1242 1352 1294 sanctam
1375 1229 1552 1301 ecclesiam,
1576 1243 1664 1306 quae

208 1335 270 1397 hoc
297 1336 339 1397 ad
370 1354 472 1398 annos
502 1354 605 1415 prope
628 1336 713 1398 mille
736 1348 767 1398 et
791 1336 949 1398 ducentos
981 1335 1201 1398 inviolabiliter
1234 1337 1378 1397 servavit.
1424 1331 1465 1394 Et
1488 1331 1541 1393 ubi
1566 1330 1669 1390 nostri

209 1451 314 1502 certas
343 1459 457 1503 causas
485 1451 518 1503 ct
548 1440 687 1520 pericula
716 1440 876 1521 quaedam
908 1441 1081 1514 adducunt,
1113 1451 1247 1520 propter
1278 1457 1362 1520 quae
1392 1437 1491 1500 altera
1518 1453 1594 1515 pars
1618 1451 1668 1493 sa·

170 1546 362 1607 rocramcnti
392 1548 556 1607 communi
590 1544 713 1625 populo
744 1543 897 1625 adempta
927 1556 983 1623 est,
1014 1545 1124 1607 dicunt
1155 1543 1230 1606 inde
1260 1542 1337 1605 illud
1368 1541 1595 1603 inconveniens
1619 1555 1669 1597 se-

209 1660 392 1728 quuturum,
420 1659 456 1711 ut
486 1650 536 1711 isti
559 1652 767 1730 sapientiores
794 1650 865 1728 ipso
894 1647 1021 1713 Christo
1052 1667 1124 1710 esse
1149 1647 1254 1722 velint,
1285 1648 1341 1726 qui
1362 1645 1496 1708 nescivit
1517 1653 1550 1704 et
1573 1644 1669 1724 igno-

208 1755 288 1814 ravit
318 1753 460 1832 pericula
489 1753 652 1834 quaedam
675 1754 780 1815 futura
803 1755 885 1816 circa
907 1753 994 1815 illam
1017 1763 1144 1832 partem
1166 1752 1357 1814 sacramenti
1380 1766 1551 1819 emersura,
1582 1761 1668 1825 quae

207 1859 256 1919 isti
280 1860 468 1920 invenerunt
491 1868 522 1920 et
545 1869 778 1940 cognoverunt,
803 1869 836 1921 et
859 1857 944 1919 istud
967 1866 1016 1920 est
1039 1875 1136 1937 supra
1159 1853 1321 1920 Christum
1338 1855 1419 1916 scire
1435 1861 1467 1914 et
1483 1848 1669 1930 intelligere.

210 1960 301 2022 llaec
324 1973 356 2024 et
379 1961 440 2023 alia
463 1960 561 2044 longe
583 1960 674 2042 plura
696 1964 728 2023 in
751 1962 939 2024 tractatibus
962 1981 1075 2024 eorum
1098 1969 1211 2023 contra
1233 1960 1495 2022 communionem
1518 1955 1580 2017 sub
1603 1970 1669 2013 una

170 2067 317 2143 inspecte
348 2067 527 2146 conscripta
550 2067 760 2140 inveniuntur,
792 2085 875 2146 quae
898 2084 1155 2128 commemorare
1178 2066 1260 2127 sicut
1282 2064 1417 2146 longum
1446 2064 1489 2123 ita
1512 2071 1545 2121 et
1568 2057 1669 2119 taedi-

208 2188 302 2230 osum
335 2181 429 2231 esset.
466 2168 548 2249 Quis
577 2172 671 2253 igitur
702 2179 810 2232 tantae
841 2171 1048 2233 dissensionis
1073 2170 1210 2232 idoneus
1237 2167 1326 2247 apud
1356 2185 1417 2229 nos
1439 2165 1558 2227 arbiter
1581 2165 1668 2223 inve·

208 2274 331 2335 nietur?
354 2272 463 2336 Tertia
486 2284 574 2336 secta
597 2285 645 2336 est
668 2294 790 2351 eorum,
813 2294 896 2355 quos
919 2286 1035 2337 vocant
1058 2273 1242 2354 Pighardos.
1267 2270 1311 2332 lli
1332 2269 1633 2332 denominationem
1650 2284 1670 2325 a

207 2377 353 2458 quodam
379 2378 545 2461 transfuga
576 2378 721 2440 eiusdem
754 2378 859 2460 gentis
889 2386 1090 2458 acceperunt,
1121 2379 1175 2457 qui
1204 2377 1266 2438 huc
1296 2377 1427 2436 veniens
1457 2381 1533 2435 ante
1563 2388 1672 2432 annos

208 2485 386 2563 nonaginta
408 2491 535 2563 septem
558 2501 600 2544 eo
623 2495 777 2562 tempore,
810 2502 876 2562 quo
896 2481 1038 2563 Joannes
1061 2462 1164 2555 Ziata,
1195 2479 1296 2542 homo
1319 2477 1491 2560 sacrilegus
1514 2485 1548 2538 et
1570 2473 1671 2536 scele-

169 2595 305 2660 auratus,
333 2585 454 2647 bellum
485 2586 537 2647 hic
560 2585 781 2648 ecclesiasticis
804 2597 836 2648 et
859 2589 947 2649 omni
971 2585 1056 2648 clero
1086 2585 1254 2659 indixerat,
1287 2593 1319 2645 et
1343 2584 1430 2646 bona
1454 2599 1568 2643 eorum
1593 2578 1671 2640 diri·

210 2689 326 2769 pianda
356 2692 531 2765 invaserat;
562 2692 590 2751 ei
612 2690 784 2752 adiunctus
806 2690 911 2752 infecit
934 2691 1087 2768 imprimis
1117 2691 1224 2769 ipsum
1246 2688 1366 2750 ducem
1388 2685 1548 2748 scelerum
1572 2685 1671 2761 pesti·

209 2792 283 2854 feris
306 2792 461 2856 doctrinis
484 2804 516 2857 et
539 2803 653 2874 postea
676 2804 782 2856 totum
805 2795 982 2856 exercitum
1005 2796 1081 2868 eius,
1106 2811 1203 2874 quem
1219 2812 1262 2854 ex
1278 2791 1465 2864 latronibus,
1488 2785 1672 2861 homicidis,

208 2898 396 2976 proscriptis
425 2908 458 2959 et
480 2897 601 2979 reliqua
624 2896 690 2959 fece
713 2898 911 2978 perditorum
934 2906 1090 2979 coegerat.
1121 2895 1231 2976 Qualis
1255 2914 1349 2979 seges
1371 2895 1497 2956 duravit
1520 2890 1672 2969 adusque

208 3008 357 3079 tempora
388 3003 471 3084 regis
500 3001 664 3075 Vladislai‚
695 3003 751 3081 qui
773 3003 865 3062 annis
892 3002 960 3064 istis
983 3002 1140 3080 proximis
1163 3003 1261 3063 vitam
1292 3018 1367 3062 cum
1391 3008 1495 3060 morte
1518 3013 1672 3057 commu-

168 3117 196 3158 ὕ
209 3107 287 3167 tavit
303 3108 510 3185 maximaque
526 3108 722 3168 incrementa
738 3107 798 3168 sub
814 3107 885 3185 ipso
901 3108 1040 3186 accepit·,
1057 3123 1132 3166 nam
1148 3122 1221 3166 cum
1238 3101 1455 3185 gubernacula
1470 3102 1562 3181 regni
1578 3097 1673 3159 Hun-

208 3211 314 3291 gariae
326 3211 529 3288 suscepisset,
546 3210 686 3289 plusque
699 3210 741 3270 ibi
755 3229 855 3289 quam
872 3211 903 3271 in
919 3209 1074 3271 Bohemia
1089 3227 1200 3271 morae
1215 3209 1375 3279 traxisset,
1391 3223 1508 3285 parurn
1521 3202 1672 3275 curabat,

209 3312 288 3392 quid
311 3313 361 3375 hic
384 3324 540 3395 ageretur,
565 3313 747 3375 dummodo
771 3332 851 3392 pace
874 3332 990 3375 omnes
1005 3311 1126 3374 subditi
1141 3311 1189 3373 sui
1206 3311 1392 3372 fruerentur.
1418 3306 1461 3370 Hi
1478 3306 1520 3368 de
1536 3324 1672 3367 summo

208 3416 372 3497 pontifice,
404 3416 626 3491 cardinalibus,
655 3419 814 3495 episcopis
844 3426 876 3479 et
907 3419 1019 3478 ceteris
1050 3417 1196 3497 personis
1227 3414 1453 3476 ecclesiasticis
1483 3429 1551 3471 non
1582 3409 1673 3471 aliud

208 3523 351 3583 sentiunt
375 3519 538 3600 quamde
562 3520 737 3582 manifestis
761 3520 959 3595 antichristis,
983 3519 1169 3598 pontificem
1192 3520 1297 3598 ipsum
1322 3536 1407 3580 nunc
1430 3517 1569 3578 bestiam
1585 3532 1675 3575 nunc

168 3637 196 3678 ³⁰
211 3626 411 3686 meretricem
436 3623 521 3684 illam
544 3622 801 3702 apocalypticam
825 3623 1034 3703 appellantes,
1059 3632 1091 3686 et
1114 3642 1191 3686 curn
1214 3624 1324 3684 omnia
1347 3632 1458 3683 contra
1485 3620 1672 3681 doctrinam

209 3737 241 3790 et
270 3728 474 3790 traditionem
506 3723 622 3789 Christi
653 3727 777 3800 faciant,
808 3726 976 3806 quomodo
1009 3738 1145 3806 possunt
1173 3745 1244 3788 esse
1274 3727 1407 3788 alicuius
1430 3725 1614 3786 autoritatis
1639 3732 1672 3782 et

208 3834 332 3893 virtutis
355 3834 386 3892 in
403 3829 577 3910 operandis
600 3829 714 3891 sacris?
737 3830 796 3892 sed
819 3849 1031 3910 quaecunque
1053 3832 1095 3893 ab
1112 3829 1218 3892 officio
1235 3848 1350 3891 eorum
1365 3827 1539 3908 prodeunt,
1562 3844 1675 3905 neque

209 3954 281 3998 esse
310 3954 401 3997 sacra
432 3952 540 4014 neque
571 3946 773 3996 sacramenta
803 3953 908 4015 neque
938 3935 1180 3997 benedictiones
1213 3933 1271 3996 sed
1299 3953 1404 3995 meras
1434 3933 1675 4003 execrationes,

210 4039 469 4100 abominationes
500 4047 533 4100 et
561 4037 738 4099 maledicta.
783 4037 965 4119 Episcopos
988 4050 1020 4101 et
1042 4037 1229 4101 sacerdotes
1251 4040 1311 4119 ipsi
1334 4039 1395 4099 sibi
1418 4037 1549 4119 eligunt,
1573 4034 1675 4096 laicos

169 4142 307 4203 asrudes
330 4153 362 4204 et
384 4142 547 4205 literarum
569 4150 731 4221 expertes,
756 4161 876 4205 uxores
900 4155 931 4205 et
953 4144 1071 4206 liberos
1094 4145 1268 4218 habentes3
1291 4143 1405 4206 iratres
1428 4161 1463 4205 se
1487 4152 1519 4204 et
1542 4160 1678 4203 sorores

209 4246 345 4306 invicem
369 4256 487 4308 vocant
509 4255 541 4307 et
565 4245 718 4320 salutant;
741 4248 943 4309 autoritatem
968 4259 1093 4312 tanturn
1116 4251 1232 4311 veteris
1255 4260 1287 4310 et
1310 4251 1384 4310 novi
1401 4248 1605 4310 instrumenti
1631 4264 1676 4306 ex

210 4351 374 4428 scripturis
397 4352 562 4429 recipiunt,
586 4350 739 4436 doctores
760 4369 874 4412 omnes
897 4363 1020 4413 veteres
1036 4365 1066 4416 et
1083 4356 1264 4415 neotericos
1280 4363 1313 4414 et
1327 4352 1427 4415 libros
1450 4369 1568 4414 eorum
1593 4368 1673 4411 con-

198 4434 368 4526 temnunt,
391 4471 452 4514 nec
475 4452 640 4514 doctrinae
663 4472 776 4514 eorum
799 4456 971 4535 quicquam
995 4457 1148 4520 tribuunt.
1172 4455 1367 4521 Sacerdotes
1390 4475 1503 4518 eorum
1526 4474 1604 4517 cum
1625 4454 1676 4517 of·

212 4555 283 4617 licia
313 4559 484 4617 missarum
514 4554 686 4630 celebrant,
712 4559 836 4637 absque
859 4559 930 4621 ullis
953 4561 985 4621 id
1007 4564 1149 4624 vestibus
1172 4561 1428 4624 sacerdotalibus
1451 4561 1581 4634 faciunt,
1614 4578 1677 4621 nec

170 4658 281 4720 uultis
314 4661 396 4720 circa
427 4660 508 4720 haec
537 4660 674 4738 preculis
704 4660 754 4720 vel
785 4663 985 4724 orationibus
1012 4674 1145 4726 utuntur
1179 4675 1305 4743 praeter
1335 4664 1440 4726 solam
1470 4664 1676 4726 dominicam

211 4764 404 4834 orationem,
428 4781 492 4842 qua
515 4781 632 4842 panem
656 4763 880 4826 fermentatum
903 4779 1098 4831 consecrant.
1135 4767 1183 4829 De
1205 4771 1418 4831 sacramentis
1440 4766 1599 4830 ecclesiae
1624 4767 1677 4828 vel

212 4886 326 4944 parum
349 4865 397 4927 vel
420 4885 525 4945 prope
549 4864 623 4926 nihil
646 4865 782 4929 credunt
805 4879 836 4929 et
859 4871 1014 4948 sentiunt;
1038 4873 1091 4950 qui
1115 4871 1157 4932 ad
1180 4871 1340 4932 haeresim
1364 4890 1477 4934 eorum
1501 4872 1677 4944 accedunt,

211 4979 372 5050 coguntur
394 4969 508 5050 singuli
533 4970 721 5049 rebaptizari
744 4973 775 5030 in
799 4990 884 5049 aqua
906 4973 1047 5052 simplici,
1071 4993 1130 5035 nec
1144 4973 1246 5034 ‘salem
1262 4993 1323 5035 nec
1338 4993 1456 5054 aquam
1472 4974 1679 5038 benedicunt

212 5091 270 5133 nec
294 5071 335 5132 de
359 5073 433 5133 oleo
457 5083 645 5133 consecrato
661 5074 835 5153 quicquam
858 5086 977 5151 tenent;
1006 5078 1036 5137 in
1055 5086 1256 5139 sacramento
1280 5079 1491 5141 eucharistiae
1506 5078 1585 5139 nihil
1602 5098 1679 5139 esse

172 5176 386 5238 edivinitatis
408 5176 543 5237 credunt
567 5175 625 5236 sed
648 5175 752 5238 solum
776 5196 893 5255 panem
917 5191 948 5241 et
971 5182 1077 5242 vinum
1102 5193 1333 5260 consecratum,
1357 5185 1455 5264 signis
1472 5182 1678 5262 quibusdam

212 5280 344 5341 occultis
368 5291 507 5340 mortem
531 5278 643 5341 Christi
668 5294 970 5358 repraesentantem,
994 5284 1206 5349 affirmantes:
1239 5298 1270 5348 et
1302 5298 1475 5366 propterea
1507 5289 1540 5347 in
1569 5286 1681 5349 idolo-
