3652 5858
810 1843 828 1903 l.

398 1981 562 2056 Vaclav
590 1981 772 2077 Pisecky
803 1964 960 2055 Rehori
990 1980 1223 2056 Hrubemu,

173 2170 315 2224 VPrm
341 2171 424 2225 1605
447 2202 477 2209 -
498 2170 556 2224 20.
576 2184 660 2238 pros.
700 2169 851 2238 Upolrojuje
871 2177 943 2231 otce,
971 2171 1049 2238 krery
1068 2172 1090 2222 si
1120 2171 1240 2223 steloval
1270 2190 1304 2224 na
1334 2176 1535 2242 nedosratetny

80 2257 171 2307 dozor
198 2273 234 2309 na
257 2274 335 2324 syna,
360 2257 367 2308 i
392 2258 510 2326 vylrladlt
537 2258 753 2326 vychovatelslre
778 2258 880 2324 zasady
904 2257 963 2322 sve,
991 2273 1025 2325 po
1054 2258 1162 2310 navodu
1190 2259 1340 2328 antickpch
1367 2261 1536 2328 spisovatelb

80 2342 174 2408 steine
193 2342 290 2410 davaje
309 2343 411 2412 vyhost
430 2343 611 2396 bezuzdnosti
627 2343 693 2411 jairo
712 2344 823 2412 plilisne
837 2343 967 2412 plisnosti
986 2360 1003 2396 a
1021 2345 1102 2396 blede
1121 2344 1183 2397 vice
1203 2346 1405 2400 kdokonalosti
1419 2347 1535 2401 dusevnl

80 2429 135 2480 nel
155 2429 172 2481 k
191 2429 363 2482 ublazenosti
383 2429 480 2493 vneisi.
500 2430 580 2497 (List.
600 2430 716 2498 clipeis
744 2430 776 2489 Ι.)

172 2606 368 2669 Viuceslaus
402 2607 561 2669 Piscensis
596 2605 758 2689 Gregorio
791 2606 911 2685 Hruby
924 2610 947 2687 ¹)
979 2629 1002 2670 s.
1034 2608 1065 2669 d.
1110 2609 1235 2690 Accepi
1269 2612 1536 2694 nudiusquartus,

81 2730 245 2794 generose
276 2712 409 2774 domine
440 2711 588 2792 Gregori,
619 2711 713 2773 Tuae
744 2710 984 2774 Dominationis
1015 2713 1145 2793 scripta,
1175 2714 1206 2774 in
1236 2715 1357 2793 quibus
1391 2718 1536 2779 maiorne

84 2814 262 2895 prudentia
285 2836 328 2878 an
349 2836 427 2878 vero
451 2816 604 2897 propriae
627 2814 751 2878 sobolis
775 2835 853 2877 cura
877 2815 1013 2892 eluceat,
1042 2836 1108 2878 nou
1132 2816 1224 2879 facile
1247 2817 1396 2881 dixerim.
1434 2819 1535 2884 Cavet

81 2921 170 2981 enim
193 2917 232 2982 T.
255 2918 294 2981 D.
318 2929 351 2981 et
372 2921 466 2982 timet
488 2919 562 2995 filio,
585 2929 617 2980 et
641 2929 731 2981 recte
754 2920 897 3000 quidem.
922 2919 1020 2982 Unde
1037 2930 1294 2983 consentaneum
1317 2934 1387 2986 erat
1411 2925 1535 3000 rationi,

82 3032 119 3085 ut
150 3042 213 3105 ego
243 3023 321 3085 nihil
352 3034 526 3086 cunctatus
556 3024 778 3086 subdidissem
809 3041 982 3104 responsa;
1014 3035 1045 3086 et
1077 3023 1125 3087 vel
1157 3046 1209 3087 me
1237 3029 1451 3108 purgaverim‚
1485 3029 1533 3090 vel
1560 3046 1574 3085 u

81 3125 121 3188 T.
147 3124 187 3189 D.
211 3146 364 3191 moerore
388 3128 555 3191 levassem.
602 3129 678 3191 Non
710 3127 770 3189 leci
800 3137 920 3201 autem,
949 3147 1024 3189 nam
1055 3138 1125 3190 tum
1156 3129 1304 3208 plurimis
1327 3129 1535 3194 distrahebat

82 3233 180 3308 curis,
203 3251 288 3313 quae
310 3242 527 3313 posteaquam
552 3253 604 3294 me
628 3232 853 3306 deseruerunt,
876 3232 1003 3293 accinxi
1027 3251 1080 3292 me
1095 3232 1187 3310 operi
1203 3243 1234 3292 et
1251 3233 1413 3294 calamum
1438 3235 1533 3296 simul

81 3356 121 3399 ac
144 3337 290 3398 animum
314 3338 519 3415 responsioni
545 3337 706 3416 adaptavi.
752 3335 839 3398 Nam
870 3355 945 3398 meo
976 3335 1108 3416 quidem
1139 3335 1259 3397 iudicio
1291 3335 1329 3397 T.
1355 3336 1391 3397 D.
1416 3339 1533 3417 partim

81 3439 184 3515 aliter,
206 3460 246 3502 ac
261 3460 314 3501 res
330 3460 366 3502 se
382 3440 489 3514 habet,
513 3442 706 3521 suspicatur,
728 3442 846 3520 partim
862 3460 987 3516 eorum,
1006 3458 1090 3519 quae
1105 3458 1158 3500 me
1173 3439 1365 3521 ambiguum
1381 3441 1533 3506 reddunt.

82 3543 239 3604 meminit.
278 3542 344 3606 Ubi
375 3545 461 3606 enim
485 3545 590 3624 prima
620 3543 727 3607 fronte
756 3543 796 3606 T.
821 3543 860 3605 D.
885 3546 1030 3624 queritur
1061 3563 1104 3605 ex
1135 3544 1323 3606 coniectura
1352 3544 1453 3607 filium
1477 3556 1572 3608 autin

82 3656 178 3708 extra
201 3647 320 3709 urbem
343 3657 400 3709 aut
422 3646 486 3711 alio
510 3667 582 3710 sese
606 3648 688 3710 serre
712 3648 845 3711 solitum
869 3668 921 3710 me
945 3649 1039 3710 huius
1071 3648 1116 3710 rei
1139 3648 1269 3727 penitus
1292 3649 1415 3730 ignare,
1443 3649 1533 3712 nullo

81 3761 182 3830 pacto
205 3751 327 3814 habeat
349 3752 458 3814 fidem.
483 3753 554 3815 Nisi
577 3753 663 3815 enim
686 3753 763 3814 mihi
787 3772 900 3814 comes
923 3751 1025 3828 suerit,
1048 3771 1216 3830 nunquam
1232 3771 1298 3813 non
1314 3752 1422 3814 solum
1439 3763 1533 3815 extra

81 3855 199 3917 urbem
223 3855 282 3918 sed
306 3876 348 3918 ne
370 3856 472 3919 domo
497 3857 630 3938 quidem
654 3877 727 3918 mea
742 3856 835 3918 effert
852 3855 979 3935 pedem.
1003 3853 1134 3933 Quodsi
1157 3854 1240 3917 sorte
1257 3876 1370 3918 rumor
1386 3859 1533 3937 pervenit

83 3958 222 4021 Vestras
246 3960 288 4022 ad
311 3981 417 4036 aures,
447 3960 497 4023 vel
521 3961 575 4025 illo
599 3962 648 4023 vel
673 3980 871 4042 quocunque
894 3959 957 4022 alio
981 3959 1014 4020 id
1039 3957 1207 4035 referente,
1237 3961 1345 4040 ipsum
1369 3962 1531 4040 quaedam

79 4081 270 4142 permeasse
292 4065 405 4143 spatia,
433 4074 651 4146 posteaquam
681 4084 804 4127 coenae
835 4083 963 4125 summa
992 4063 1171 4142 imponitur
1194 4083 1319 4139 manus,
1348 4074 1458 4127 actum
1483 4075 1532 4127 est
1547 4077 1572 4118 ¹5

78 4165 224 4246 quidem,
247 4166 305 4228 sed
330 4187 383 4229 me
407 4168 541 4230 huiusce
566 4169 611 4230 rei
634 4178 768 4230 auctore
792 4177 825 4229 et
849 4169 949 4242 duce;
981 4176 1014 4228 et
1037 4175 1134 4243 certe,
1163 4176 1322 4247 quantum
1347 4169 1409 4230 mei
1433 4170 1529 4230 animi

79 4271 271 4333 coniectura
294 4271 423 4354 colligo
447 4292 522 4334 cum
547 4293 667 4353 magno
691 4282 723 4334 et
747 4274 840 4334 lucro
871 4282 903 4333 et
933 4270 1076 4333 foenore.
1115 4269 1215 4349 Quod
1239 4270 1374 4352 quidem
1398 4281 1430 4333 et
1453 4293 1529 4334 acu-

77 4375 225 4437 tissimos
255 4377 379 4438 stoicae
409 4376 555 4438 haeresis
589 4376 806 4456 philosophos
837 4377 1032 4437 observasse
1063 4376 1239 4436 memoriae
1273 4376 1441 4454 proditum
1472 4387 1530 4439 est.

77 4477 152 4559 Jam
176 4498 254 4542 vero
278 4480 512 4562 indulgentiam
536 4480 622 4541 illam
648 4480 729 4557 (sic),
752 4500 851 4561 quam
875 4479 913 4541 T.
929 4478 960 4540 D
996 4480 1149 4553 meminit,
1172 4478 1295 4540 Fabius
1312 4478 1530 4558 Quintilianus

77 4592 256 4645 execratur
278 4604 298 4645 a
321 4586 498 4665 puerisque
520 4605 654 4666 pessum
678 4586 769 4646 abire
793 4587 892 4663 cupit,
920 4585 1008 4663 apud
1040 4603 1092 4644 me
1124 4582 1232 4644 nullus
1262 4582 1328 4644 sere
1359 4584 1452 4645 locus
1480 4596 1570 4644 rc-to

79 4685 243 4768 linquitur.
266 4687 325 4751 Est
348 4690 442 4764 enim,
465 4690 521 4751 ubi
543 4691 663 4751 teneris
687 4690 853 4769 irrepserit
875 4689 998 4762 animis,
1027 4687 1154 4749 suturae
1177 4696 1210 4748 et
1233 4687 1406 4749 socordiae
1430 4687 1529 4748 index

78 4803 112 4853 et
135 4792 289 4855 desidiae.
314 4793 399 4855 Hinc
423 4805 473 4856 est
497 4795 587 4875 quod
611 4814 742 4873 semper
766 4813 836 4854 eam
861 4792 1017 4854 exhorrui
1033 4802 1133 4872 atque
1154 4811 1288 4869 prorsus
1303 4791 1437 4852 invisam
1453 4811 1530 4872 erga

78 4915 203 4976 pueros
233 4897 332 4960 habui
364 4897 561 4980 Virgilianae
592 4919 718 4960 memor
749 4898 942 4959 sententiae:
981 4895 1097 4957 »Adeo
1129 4895 1290 4957 ateneris
1313 4914 1529 4959 consuescere

79 4999 219 5062 multum
243 5011 319 5077 est«
345 5022 412 5064 non
435 5013 501 5065 tam
518 5023 595 5063 vero
613 5002 697 5063 illam
715 5021 812 5082 quam
830 5001 983 5061 acerbam
1000 5000 1213 5074 severitatem,
1236 5018 1320 5079 quae
1336 4998 1529 5079 plerumque

79 5114 112 5164 et
136 5125 155 5166 a
177 5105 293 5168 studiis
315 5116 415 5168 terret
438 5116 471 5168 et
494 5106 620 5168 nobiles
644 5116 769 5166 mentes
793 5114 829 5166 ut
853 5105 993 5183 pessima
1017 5123 1168 5185 quaeque
1192 5104 1352 5182 mancipia
1376 5104 1528 5165 indurare
1543 5114 1569 5154 Ξῖ)

85 5245 103 5250 --
114 5244 268 5253 --——.--.—
280 5248 286 5253 .

169 5298 188 5363 ¹)
208 5296 250 5348 Na
269 5293 354 5361 okrajl
373 5294 583 5362 poznamenano
603 5293 750 5360 ‹rpravcem
769 5292 837 5344 alias
857 5291 1005 5360 Gelenslry.
