3674 5858
205 392 239 445 31
671 391 790 462 Piseclry
811 393 880 463 Janu
899 390 1092 445 beorslremu
1112 389 1187 444 1506.

206 608 290 666 enim
313 603 422 666 literae
445 616 520 667 tuae
543 603 708 684 querulae.
734 615 878 665 moestae
901 615 934 665 et
956 622 1060 683 paene
1083 602 1275 666 horrendae.
1298 603 1425 683 Ecquid
1448 623 1524 666 nam
1543 608 1654 686 agitur,

207 708 411 790 dJoannes?
450 706 592 769 Ubinam
623 711 778 791 gentium,
811 707 866 769 ubi
897 707 1043 770 locorum
1074 720 1105 770 te
1135 707 1297 770 contines?
1335 707 1400 772 Ubi
1423 719 1473 773 tot
1495 714 1654 793 tantisque

206 814 381 876 offunderis
403 811 718 893 perturbationibus?
747 811 823 892 Quo
847 813 959 891 pietas,
983 832 1050 892 quo
1073 815 1245 896 ingenium,
1274 832 1340 893 quo
1364 833 1472 876 mores
1495 814 1544 890 illi,
1574 835 1656 897 quos

205 919 348 998 optimus
370 919 508 996 quisque
531 935 596 978 non
620 935 746 977 summa
769 917 838 978 sine
861 914 955 978 laude
977 916 1128 991 celebrat,
1154 918 1213 980 abs
1236 928 1268 979 te
1291 917 1474 980 facessunt?
1510 916 1577 982 Cur
1600 922 1655 982 tibi

179 1033 294 1089 etanta
317 1022 410 1083 fueris
434 1020 658 1095 imbecillitate,
682 1032 771 1083 tanta
794 1019 989 1094 crudelitate,
1013 1034 1049 1083 ut
1070 1020 1226 1083 adversae
1249 1023 1404 1092 fortunae,
1428 1042 1525 1103 quam
1545 1033 1577 1085 te
1599 1044 1655 1086 ex·

205 1127 300 1205 periri
321 1124 437 1199 fateris,
459 1144 524 1186 non
549 1124 649 1186 modo
671 1125 883 1186 succumbere
905 1125 964 1187 sed
987 1127 1082 1187 etiam
1114 1124 1294 1189 ultroneam
1317 1145 1430 1188 necem
1460 1127 1516 1189 tibi
1543 1127 1657 1189 inferre

205 1227 404 1291 contendas?
440 1227 611 1300 Exhorrui‚
644 1247 723 1290 sane
753 1229 917 1305 exhorrui,
945 1249 1046 1311 quum
1078 1242 1110 1292 te
1140 1250 1183 1292 ex
1214 1232 1276 1293 tuis
1306 1230 1402 1293 literis
1424 1251 1465 1293 eo
1487 1232 1656 1296 redactum

206 1336 420 1418 cognoverim,
443 1345 477 1395 ut
501 1353 566 1395 non
589 1333 728 1396 ulterius.
752 1333 798 1396 Es
819 1335 905 1395 enim
929 1353 1004 1396 eum
1028 1335 1125 1396 animi
1148 1346 1217 1398 tum
1234 1335 1427 1398 fortitudinis
1443 1336 1546 1398 multo
1561 1356 1658 1420 egen-

207 1438 354 1501 tissimus.
393 1437 502 1517 Quare
526 1437 669 1500 monitus
692 1449 785 1499 oratu
808 1448 866 1500 tuo
890 1438 973 1500 hanc
995 1438 1155 1502 scribendi
1181 1440 1375 1518 provinciam
1399 1441 1562 1522 ingressus
1584 1461 1656 1504 sum

170 1553 298 1609 intanto
328 1542 460 1622 quidem
491 1541 651 1616 libentius,
682 1552 806 1622 quanto
835 1552 868 1619 te
898 1543 974 1604 mihi
1003 1544 1149 1605 coniecto
1179 1555 1215 1607 ut
1245 1544 1390 1625 profecto
1422 1544 1656 1608 deditissimum

208 1649 251 1710 ita
273 1665 405 1729 quoque
427 1657 461 1709 et
483 1648 719 1709 amicissimum.
742 1645 864 1710 Scribis
887 1657 918 1708 te
941 1646 1084 1727 plurimis
1107 1649 1159 1731 agi
1181 1647 1321 1710 turbelis.
1343 1647 1385 1711 Et
1401 1667 1562 1728 quaenam
1578 1649 1658 1712 haec

208 1771 292 1814 nova
316 1749 388 1812 res?
409 1749 463 1812 An
486 1750 624 1812 fortasse
647 1761 682 1813 tu
705 1752 768 1811 iam
791 1750 950 1812 caducum
973 1753 1089 1814 exuisti
1112 1751 1293 1814 hominem?
1315 1753 1369 1816 An
1384 1772 1460 1816 vero
1477 1753 1657 1835 procelloso

207 1868 372 1935 pererrato
407 1873 548 1936 aequore
581 1867 614 1916 te
644 1857 727 1916 intra
757 1853 971 1934 placidissima
1004 1856 1110 1918 littora
1143 1859 1306 1919 continere
1339 1865 1497 1936 autumas,
1530 1861 1658 1921 iamiam

206 1960 333 2040 asylum
350 1960 528 2026 foelicitatis
544 1958 780 2033 conscendisse,
795 1969 828 2021 et
844 1977 909 2019 non
925 1960 1027 2041 magis
1042 1959 1184 2041 fragilem
1201 1978 1296 2042 agere
1312 1961 1485 2034 hominem,
1508 1960 1659 2024 fluctibus

173 2087 196 2128 is
210 2067 377 2138 inversari3
401 2065 536 2144 ipsaque
560 2066 662 2142 prima
685 2063 805 2125 virtutis
828 2062 937 2124 limina
959 2062 1007 2123 vel
1031 2063 1127 2145 longe
1150 2063 1288 2126 salutare
1303 2066 1541 2147 pugnacissime
1564 2068 1660 2129 etiam

207 2168 406 2231 contendas?
429 2168 505 2248 Quo
529 2167 571 2239 fit,
595 2178 631 2229 ut
654 2167 730 2229 nihil
752 2166 840 2246 apud
863 2178 896 2228 te
919 2165 980 2228 loci
1002 2166 1210 2248 relinquatur,
1234 2187 1299 2247 quo
1316 2168 1447 2249 quidem
1471 2180 1561 2231 tuam
1585 2190 1660 2252 que

206 2273 284 2334 raris
306 2271 469 2334 fortunam
492 2282 548 2334 aut
571 2273 674 2350 ipsam
698 2279 846 2332 naturam
876 2288 942 2331 non
965 2288 1127 2351 peraeque
1155 2282 1262 2332 tecum
1293 2283 1452 2353 agentem,
1498 2272 1660 2336 Omnibus

207 2376 288 2438 haec
309 2374 451 2437 conditio
475 2379 556 2438 iusta
579 2386 637 2448 est,
659 2387 691 2437 et
715 2394 815 2457 quum
838 2391 953 2436 omnes
975 2374 1028 2436 tali
1051 2376 1273 2436 examinemur
1295 2375 1396 2448 lance,
1427 2388 1496 2438 tum
1528 2397 1606 2439 vero
1628 2388 1661 2440 et

208 2481 348 2542 maxime
371 2482 514 2560 optimus
537 2492 569 2542 et
592 2479 799 2542 doctissimus
821 2481 965 2559 quisque.
993 2476 1078 2540 Nam
1100 2479 1271 2559 lyricorum
1287 2481 1408 2560 primus
1423 2483 1480 2543 ait:
1508 2480 1660 2544 »Feriunt

167 2607 193 2649 ao
207 2603 352 2646 summos
375 2583 498 2666 fulgura
522 2595 677 2647 montes«
715 2582 801 2663 Quid
825 2585 920 2665 igitur
942 2593 977 2646 tu
1000 2582 1105 2657 facies,
1136 2582 1215 2664 quid
1238 2586 1429 2659 causaberis,
1458 2584 1538 2666 quid
1562 2586 1660 2649 colla·

206 2688 399 2763 crimaberis,
423 2689 482 2750 nisi
507 2689 590 2751 inter
619 2688 668 2750 vel
698 2690 841 2767 optimos
871 2687 920 2748 vel
952 2688 1157 2750 doctissimos
1187 2699 1219 2750 te
1249 2688 1369 2767 pudeat
1397 2688 1557 2770 reputari?
1593 2689 1662 2752 Aut

208 2792 288 2854 forte
311 2803 402 2854 extra
426 2810 556 2853 omnem
579 2793 703 2854 virtutis
726 2792 834 2854 ideam
856 2793 1010 2874 evagaris,
1034 2800 1089 2852 aut
1112 2790 1322 2870 splendorem
1346 2804 1379 2854 et
1402 2792 1511 2868 decus,
1542 2795 1661 2857 famam

208 2896 348 2976 denique
372 2914 548 2974 perennem
572 2894 624 2958 tali
648 2897 805 2958 exercitio
828 2905 1042 2975 reportamus.
1079 2893 1154 2956 Noli
1177 2895 1285 2976 itaque
1317 2893 1419 2977 (quod
1443 2897 1533 2976 facis)
1558 2919 1662 2982 agere,

207 3000 281 3073 noli,
303 3010 338 3062 ut
361 2999 450 3062 illum
474 3010 541 3062 tam
565 2998 783 3062 venerandum
808 3001 913 3082 regiae
936 2998 1084 3061 coelestis
1107 2998 1243 3061 chorum
1267 3001 1409 3062 criminis
1435 3011 1513 3064 nota
1530 3002 1662 3066 foedare

167 3124 272 3168 sinon
295 3104 424 3167 dubites
447 3100 532 3187 (sie).
557 3102 672 3186 Neque
695 3107 780 3166 enim
803 3104 941 3166 furiosus
965 3102 1095 3165 Mavors
1125 3122 1232 3185 neque
1262 3101 1419 3166 Saturnus
1441 3125 1549 3187 neque
1572 3109 1661 3187 quic·

207 3228 305 3290 quam
329 3208 415 3271 aliud
440 3219 472 3271 te
494 3207 631 3271 offendit
655 3219 793 3290 tuasque
816 3208 872 3270 tibi
897 3208 1038 3285 impartit
1060 3208 1172 3282 furias,
1188 3210 1245 3269 nisi
1269 3216 1339 3271 tute
1354 3211 1430 3289 ipse.
1455 3208 1541 3271 Nam
1564 3230 1662 3273 nemo

207 3313 342 3375 laeditur
364 3314 423 3375 nisi
447 3333 466 3374 a
489 3332 524 3375 se
547 3315 627 3393 ipso.
650 3311 736 3375 Tum
760 3332 837 3374 vero
861 3309 1082 3373 tribulationes
1109 3311 1181 3374 illae
1203 3312 1281 3393 quid
1304 3312 1362 3374 tibi
1392 3315 1466 3377 mali
1496 3314 1663 3377 adferent?

207 3415 309 3496 Quod
331 3417 417 3477 enim
439 3415 602 3499 flagellum
625 3435 736 3498 grano,
767 3416 857 3496 quod
888 3416 1002 3477 fornax
1032 3434 1120 3490 auro,
1148 3416 1237 3497 quod
1260 3418 1336 3479 lima
1358 3436 1465 3480 serrae
1488 3418 1571 3492 facit,
1600 3420 1662 3481 hoc

207 3521 371 3584 tribulatio
394 3523 461 3582 viro
484 3523 576 3598 iusto,
600 3540 699 3602 quarn
722 3539 784 3603 ego
808 3523 839 3583 in
862 3520 950 3582 omni
972 3520 1095 3581 virtutis
1118 3520 1276 3600 palaestra
1292 3540 1456 3583 summum
1474 3526 1661 3605 magistrum

168 3652 195 3693 30
209 3624 295 3687 haud
319 3624 418 3687 dubie
441 3624 587 3687 dixerim.
611 3624 662 3687 'fu
685 3644 762 3686 vero
785 3624 895 3687 scribis
919 3634 951 3685 te
978 3623 1019 3685 ab
1042 3642 1080 3684 ea
1105 3622 1265 3687 deiectum
1290 3624 1383 3699 adeo,
1406 3638 1441 3689 ut
1464 3638 1496 3689 et
1518 3629 1662 3690 timueris

209 3729 264 3790 tibi
288 3739 343 3792 tua
366 3738 482 3809 sponte
504 3729 702 3792 inferendam
725 3748 847 3792 necem.
871 3727 970 3808 Quod
993 3727 1048 3790 ubi
1064 3728 1196 3803 adverti,
1219 3729 1418 3804 mihicrede,
1441 3730 1552 3793 defeci.
1576 3730 1661 3792 Nam

209 3853 274 3895 non
304 3843 372 3895 tam
403 3834 607 3895 ammiratum
642 3851 740 3914 quam
774 3834 947 3894 attonitum
983 3851 1036 3895 me
1066 3844 1120 3895 tua
1154 3835 1251 3895 animi
1283 3835 1484 3897 imbecillitas
1512 3835 1660 3897 reddidit.

210 3935 374 3999 Siluissem
405 3940 514 4019 itaque
545 3939 603 4000 nisi
631 3937 868 4017 philosophicas
899 3936 1108 4019 efflagitasses
1130 3938 1342 4018 pharmacias.
1372 3949 1405 4001 et
1434 3938 1502 4000 illas
1529 3938 1661 4019 quidem

210 4040 398 4116 Platonicas,
420 4060 502 4122 quas
525 4042 581 4103 tibi
604 4052 695 4104 tanto
718 4060 837 4124 negare
871 4043 903 4102 in
926 4042 1106 4104 discrimine
1128 4043 1297 4123 quomodo
1319 4042 1470 4123 possum?
1506 4041 1662 4105 Libenter

170 4146 318 4226 ffiitaque
347 4156 380 4206 et
411 4144 500 4207 hilari
527 4145 579 4206 illa
610 4157 708 4227 atque
731 4157 879 4224 porrecta
915 4148 1020 4209 fronte
1053 4166 1094 4208 en
1125 4149 1273 4229 propino,
1302 4167 1343 4209 en
1367 4150 1485 4228 accipe.
1531 4145 1663 4225 Accipe,

210 4250 351 4329 inquam,
385 4267 503 4311 munus
535 4261 568 4311 et
595 4253 759 4312 inventum
789 4250 926 4312 deorum
957 4251 1205 4332 philosophiam,
1240 4270 1340 4331 quam
1368 4255 1394 4314 si
1422 4253 1495 4331 quis
1525 4252 1574 4312 vel
1601 4252 1664 4313 ulla

210 4354 413 4414 veneratione
443 4352 573 4435 dignam
604 4356 797 4416 existimavit
829 4373 981 4434 unquam,
1008 4356 1160 4417 omnibus
1193 4356 1358 4420 imbecillis
1384 4357 1480 4418 animi
1513 4357 1602 4429 vitiis,
1630 4367 1665 4417 ut

210 4459 333 4531 timore,
357 4469 391 4519 ut
414 4456 598 4537 eupiditate,
621 4470 721 4538 utque
745 4461 878 4520 caeteris
900 4460 981 4522 vitiis
1004 4476 1075 4519 sese
1098 4470 1205 4521 exuet.
1229 4458 1281 4522 Sic
1304 4461 1389 4521 enim
1405 4478 1472 4521 uno
1487 4478 1545 4520 ore
1561 4460 1666 4539 philo·

210 4561 303 4639 sophi
326 4560 519 4625 confirmant
541 4560 778 4641 philosophiam
811 4581 882 4623 esse
905 4562 1005 4624 animi
1028 4560 1198 4624 medelam.
1246 4562 1367 4626 Notum
1390 4575 1438 4625 est
1460 4563 1546 4623 enim
1571 4563 1667 4624 illud:

170 4808 197 4850 to
522 4768 679 4831 Veridicis
702 4770 794 4849 igitur
817 4772 963 4852 purgavit
986 4779 1117 4848 pectora
1141 4770 1240 4844 dictis

522 4872 562 4935 Et
586 4871 682 4934 finem
706 4876 815 4935 statuit
839 4873 996 4953 cupidinis
1019 4885 1116 4953 atque
1140 4876 1270 4938 timoris.

296 5076 338 5141 Et
371 5098 437 5141 non
471 5084 592 5151 iniuria,
633 5082 835 5162 philosophia
869 5085 954 5143 enim
988 5083 1202 5145 admonemur
1239 5085 1384 5159 iustitiae,
1422 5090 1673 5164 temperantiae,

212 5183 446 5258 continentiae,
468 5186 668 5260 fortitudinis,
692 5196 723 5246 et
746 5204 787 5247 ne
810 5185 926 5257 multis,
951 5188 1103 5250 omnibus
1126 5187 1269 5266 profecto
1291 5188 1461 5251 virtutibus
1487 5186 1559 5269 (sie)
1582 5189 1675 5252 The-
