3674 5858
303 404 337 458 96
591 405 641 475 Jan
661 391 774 460 Slechta
793 407 985 470 Stanislavovi‚
1007 407 1124 476 bislrupu
1143 409 1366 463 Olomouclremu
1386 407 1462 461 1522.

304 626 449 694 ornaret;
473 618 585 698 sicque
609 618 775 679 hominem
799 619 935 682 mirabili
958 619 1095 683 artificio
1119 620 1247 684 divinae
1277 621 1498 685 fabricationis
1522 622 1695 700 disposuit,
1720 633 1756 684 ut

303 722 335 782 in
359 741 460 800 parvo
484 741 626 800 corpore
649 723 796 784 omnium
812 721 1050 786 elementorum
1066 725 1130 788 vim
1146 735 1245 807 atque
1261 727 1477 789 substantiam
1501 739 1593 790 certo
1617 737 1757 789 naturae

304 825 406 887 ductu
430 824 600 900 conferret,
622 826 665 886 ita
689 836 725 887 ut
748 826 857 887 divino
881 827 923 888 illi
946 828 1080 906 spiritui,
1104 829 1158 909 qui
1182 829 1225 890 ad
1248 830 1519 891 sustentationem
1544 841 1576 892 et
1600 830 1757 892 informa·

303 929 426 990 tionem
458 928 603 990 mortalis
634 930 783 1009 corporis
810 932 911 992 nostri
943 951 963 992 a
993 930 1124 992 caelesti
1155 931 1208 993 illa
1239 943 1272 994 et
1295 933 1617 1012 incomprehensibili
1643 944 1756 996 mente

277 1032 484 1108 adescendir
506 1032 654 1113 quamvis
677 1031 796 1113 fragile,
820 1034 923 1095 simile
947 1043 1057 1096 tamen
1081 1035 1205 1097 mundo
1230 1046 1362 1115 paretur
1386 1036 1574 1117 hospitium.
1607 1038 1685 1101 Non
1708 1049 1756 1100 te-

304 1157 394 1199 mere
424 1138 520 1219 igitur
550 1136 736 1216 philosophi
769 1136 812 1199 illi
843 1148 969 1200 veteres
1005 1138 1171 1201 hominem
1203 1141 1363 1202 minorem
1395 1141 1555 1202 mundum
1588 1142 1757 1223 appellare

303 1241 486 1317 voluerunt,
523 1253 599 1300 cum
636 1240 737 1301 instar
775 1240 888 1302 mundi
926 1241 1022 1303 huius
1060 1242 1191 1304 visibilis
1228 1242 1389 1306 formatus
1426 1257 1460 1306 et
1490 1245 1674 1325 productus
1706 1248 1756 1308 sit.

304 1346 444 1408 Proinde
479 1343 615 1406 ridenda
648 1352 698 1405 est
731 1344 763 1404 in
797 1345 858 1406 hac
893 1355 984 1424 parte
1017 1345 1183 1427 theologia
1217 1366 1284 1409 non
1318 1346 1424 1410 solum
1460 1347 1660 1411 Phoenicum
1694 1349 1755 1411 sed

304 1448 556 1525 Chaldaeorum,
579 1446 820 1529 Aegyptiorum
843 1458 875 1510 et
899 1447 1114 1526 Graecorum,
1138 1451 1193 1530 qui
1216 1471 1294 1512 casu
1319 1451 1484 1514 hominem
1501 1465 1757 1534 ceterorumque

266 1570 291 1611 1⁰
304 1553 490 1617 animalium
513 1554 766 1634 productionem
794 1551 912 1615 factam
935 1573 953 1615 e
976 1563 1061 1615 terra
1092 1555 1262 1631 affirmant,
1292 1555 1417 1617 nullum
1447 1557 1530 1617 inter
1564 1557 1756 1619 rationalem

304 1659 445 1720 animam
468 1667 501 1719 et
523 1657 741 1720 irrationalem
772 1657 986 1719 substantiam
1011 1656 1185 1719 discrimen
1207 1658 1411 1734 arbitrantes,
1434 1659 1527 1721 cuius
1553 1659 1655 1722 altera
1677 1681 1757 1741 pars

305 1782 380 1825 cum
412 1763 607 1840 incorporea
640 1770 673 1822 et
707 1759 899 1822 immortalis
933 1762 983 1838 sit,
1013 1780 1109 1823 verus
1145 1761 1247 1824 homo
1281 1762 1398 1839 existit,
1436 1762 1479 1825 ad
1513 1764 1687 1845 imaginem
1724 1777 1757 1827 et

304 1864 545 1928 similitudinem
576 1865 645 1940 Dei,
676 1883 742 1925 non
765 1863 895 1926 fortuna
928 1873 960 1926 et
994 1885 1081 1940 casu,
1115 1865 1175 1928 sed
1210 1886 1229 1926 a
1260 1866 1333 1929 Deo
1364 1867 1436 1946 ipso
1463 1876 1601 1931 creatus.
1640 1868 1757 1931 Voluit

304 1972 389 2031 enim
423 1989 584 2049 suprema
608 1968 754 2030 omnium
789 1987 887 2031 causa
916 1988 982 2031 non
1014 1988 1126 2031 carere
1156 1970 1367 2032 rationalibus
1400 1980 1521 2033 terram
1552 1972 1758 2049 animalibus,

266 2090 290 2130 n
304 2086 339 2136 ut
370 2092 436 2135 non
466 2073 574 2134 solum
605 2094 624 2133 a
655 2071 852 2134 caelestibus
882 2092 996 2134 verum
1026 2073 1123 2134 etiam
1154 2093 1174 2134 a
1200 2073 1396 2155 degentibus
1427 2077 1458 2137 in
1488 2087 1575 2139 terra
1603 2077 1758 2139 maiestas

303 2200 362 2240 sua
397 2177 594 2239 laudaretur.
632 2176 733 2256 Quod
764 2187 874 2238 autem
902 2177 963 2239 sibi
991 2178 1209 2254 circumiacct,
1238 2188 1406 2241 terrenum
1438 2199 1569 2262 corpus,
1606 2202 1692 2262 opus
1724 2191 1757 2243 et

303 2285 410 2364 ipsum
442 2281 502 2342 Dei
526 2292 583 2358 est,
606 2281 648 2343 de
671 2291 757 2342 terra
785 2289 952 2360 sumptum
976 2289 1008 2342 et
1031 2282 1063 2342 in
1086 2290 1207 2343 terram
1232 2301 1447 2344 reversurum.
1486 2282 1598 2362 Quare
1621 2295 1758 2365 oportet

304 2408 366 2450 nos
388 2387 473 2448 sicut
496 2386 624 2465 pecoris
647 2385 818 2447 cuiusdam
841 2385 885 2446 ita
908 2386 1058 2465 corporis
1080 2386 1184 2446 nostri
1207 2405 1320 2447 curam
1344 2386 1476 2463 habere,
1499 2387 1646 2469 illudque
1668 2387 1758 2450 alere

305 2502 337 2553 et
360 2491 469 2553 colere
494 2489 581 2551 haud
604 2509 701 2551 secus
723 2509 761 2551 ac
786 2508 916 2551 servum
940 2489 982 2550 ad
1007 2490 1101 2551 huius
1125 2491 1208 2551 vitae
1232 2490 1443 2553 ministerium
1475 2491 1662 2571 perutilem,
1694 2494 1756 2554 do·

267 2610 293 2651 50
306 2599 428 2657 minum
460 2615 538 2656 vero
570 2595 767 2670 interiorem,
800 2595 893 2675 quasi
924 2594 985 2655 Dei
1009 2593 1139 2655 affinem
1171 2594 1266 2675 longe
1289 2595 1431 2674 amplius
1453 2614 1564 2656 amare
1587 2616 1625 2657 ac
1649 2597 1756 2659 bono·

307 2720 386 2774 rare,
417 2698 572 2779 quoniam
603 2707 636 2759 et
666 2717 686 2758 a
715 2698 820 2777 prima
851 2717 950 2759 causa
980 2698 1163 2759 honoratus
1193 2708 1251 2775 est,
1284 2706 1320 2760 ut
1351 2698 1451 2761 docet
1483 2699 1597 2775 David,
1627 2700 1758 2763 divinus

306 2816 404 2878 vates,
427 2821 502 2863 cum
526 2802 644 2880 inquit:
672 2799 803 2863 »Gloria
826 2810 858 2862 et
882 2801 1009 2863 honore
1033 2802 1200 2863 coronasti
1216 2821 1309 2880 eum;
1333 2803 1360 2864 is
1376 2823 1463 2879 vero,
1487 2823 1563 2865 cum
1580 2806 1610 2865 in
1628 2803 1757 2866 honore

306 2916 400 2984 esset,
423 2926 490 2969 non
512 2903 698 2967 intellexit«
725 2905 854 2968 Rationi
876 2925 956 2987 ergo
979 2924 1110 2986 semper
1133 2915 1166 2967 et
1188 2926 1254 2968 non
1278 2907 1428 2987 corporis
1450 2906 1674 2987 voluptatibus
1697 2929 1756 2988 pa-

306 3010 446 3073 rendum
474 3018 532 3086 est,
562 3029 637 3070 cum
662 3009 731 3089 ipsa
762 3008 963 3088 apertissime
986 3008 1148 3087 ostendat,
1179 3018 1339 3091 quantum
1370 3030 1431 3073 nos
1455 3011 1587 3093 reliquis
1608 3013 1756 3074 animan-

265 3136 292 3177 rr
304 3120 393 3181 tibus
421 3112 653 3190 antecellimus,
683 3133 789 3195 neque
819 3115 917 3175 etiam
939 3114 1060 3194 aliquid
1085 3125 1173 3177 recte
1204 3116 1271 3198 geri
1303 3124 1421 3196 potest,
1449 3116 1541 3197 quod
1569 3117 1757 3196 cupiditatis

305 3224 428 3305 geritur
457 3218 569 3281 ductu.
608 3218 639 3279 ls
669 3238 747 3280 vero
778 3219 929 3281 nimirum
960 3219 993 3280 in
1023 3220 1148 3302 magnis
1176 3220 1249 3281 viris
1281 3219 1454 3282 habendus
1476 3221 1544 3297 erit,
1575 3220 1639 3302 qui,
1663 3222 1756 3302 quod

307 3328 422 3389 deceat
453 3336 485 3387 et
508 3322 600 3404 quod
623 3333 784 3402 oporteat,
812 3323 894 3385 facit.
930 3322 1047 3405 Neque
1071 3323 1161 3385 Deus
1184 3325 1253 3404 ipse
1276 3323 1361 3387 ullos
1384 3326 1550 3405 improbat
1573 3325 1677 3407 magis
1707 3328 1757 3407 (ut

307 3432 405 3493 docet
421 3428 577 3492 Socrates
593 3427 681 3507 apud
699 3427 868 3489 Platonem
888 3429 948 3490 ›de
964 3429 1144 3509 Legibus«)
1161 3448 1260 3508 quam
1277 3449 1343 3506 eos,
1365 3429 1421 3509 qui
1437 3428 1579 3491 sordidis
1600 3429 1756 3491 vitiorum

306 3533 445 3598 vasculis
484 3528 596 3594 nectar
626 3542 658 3594 et
686 3532 886 3594 ambrosiam
921 3533 1048 3594 haurire
1083 3532 1270 3611 confidunt;
1304 3532 1412 3595 nullos
1446 3533 1573 3613 probat*
1600 3542 1758 3615 amatque

267 3654 294 3695 ao
308 3640 410 3721 magis
434 3634 483 3718 (ut
506 3637 598 3698 testis
620 3645 670 3698 est
690 3632 906 3717 Aristoteles),
928 3656 1028 3718 quam
1051 3639 1107 3718 qui
1123 3646 1266 3700 mentem
1290 3636 1363 3698 Deo
1378 3636 1573 3699 simillimam
1596 3637 1757 3718 inprimis

307 3744 419 3807 colunt
448 3752 480 3803 et
503 3763 521 3803 a
545 3741 695 3821 corporis
724 3740 797 3800 labe
820 3738 917 3821 longe
940 3740 1086 3803 dissimili
1108 3751 1290 3822 segregant,
1320 3740 1531 3823 divinumque
1555 3740 1666 3803 lumen
1688 3760 1758 3803 non

306 3846 433 3911 nebulis
464 3846 606 3907 obruere
628 3845 781 3906 vitiorum
805 3843 864 3905 sed
888 3864 971 3923 pura
994 3845 1128 3906 student
1151 3846 1269 3907 mentis
1292 3845 1467 3907 serenitate
1497 3846 1674 3926 percipere.
1715 3845 1753 3907 ln

306 3952 444 4015 Timaeo
460 3960 570 4013 autem
585 3949 677 4012 Plato
694 3952 740 4011 sic
756 3949 929 4012 subinfert:
957 3948 1202 4031 »Quoscunque
1218 3951 1349 4030 corpori
1372 3949 1470 4012 stulte
1492 3951 1614 4012 servire
1636 3949 1757 4030 depre-

308 4058 468 4132 henderis
491 4057 654 4136 sapientes
671 4075 743 4116 esse
758 4055 905 4136 negabis;
929 4074 1013 4135 quos
1029 4075 1107 4117 vero
1123 4056 1286 4135 sapientes
1308 4055 1446 4132 noveris,
1469 4053 1531 4117 hos
1552 4073 1620 4117 non
1642 4075 1758 4118 servos

268 4163 357 4223 assui
381 4161 530 4241 corporis
554 4159 613 4220 sed
645 4158 797 4220 dominos
826 4159 994 4221 iudicabis.
1032 4159 1132 4221 Anxii
1155 4162 1241 4220 enim
1264 4160 1414 4221 nimirum
1445 4158 1563 4237 vivunt,
1591 4161 1647 4239 qui
1677 4160 1758 4223 solis

307 4265 451 4327 serviunt
481 4263 629 4343 corporis
660 4261 890 4342 voluptatibus,
920 4264 1023 4325 multo
1054 4283 1132 4325 vero
1163 4266 1266 4347 magis
1288 4265 1383 4338 anxii,
1414 4265 1469 4345 qui
1492 4266 1678 4343 voluptates
1707 4266 1758 4327 in·

308 4368 400 4430 fimas
439 4387 514 4430 cum
552 4367 713 4446 supremis
751 4378 943 4448 computare
989 4378 1174 4431 conantum
1232 4368 1314 4448 Quis
1354 4378 1387 4431 te
1428 4371 1533 4451 igitur,
1578 4369 1757 4432 clarissime

307 4473 446 4554 praesul,
484 4492 550 4534 non
587 4473 656 4534 iure
694 4473 819 4553 optimo
858 4473 977 4549 laudet,
1022 4493 1098 4534 curn
1135 4472 1320 4554 voluptates
1358 4474 1507 4555 corporis
1545 4493 1611 4536 non
1649 4475 1758 4538 minus

307 4577 421 4640 foedas
452 4597 550 4656 quam
581 4578 676 4639 etiam
708 4576 922 4656 pernicialiter
949 4579 1065 4639 noxias
1095 4579 1203 4640 statim
1234 4600 1252 4640 a
1282 4588 1395 4640 tenera
1425 4588 1530 4641 aetate
1552 4598 1618 4640 non
1647 4579 1758 4642 solum

266 4682 530 4761 wcontempsisti
562 4681 620 4742 sed
651 4681 749 4743 etiam
779 4682 924 4743 abiecisti
958 4702 996 4743 ac
1031 4684 1239 4761 conculcasti,
1273 4683 1459 4746 felicitatem
1489 4702 1600 4746 veram
1631 4702 1697 4744 non
1725 4685 1759 4746 in

307 4785 370 4847 alio
402 4806 501 4867 quam
532 4788 563 4847 in
592 4785 760 4866 voluptate
788 4787 886 4848 animi
917 4787 1121 4865 collocando,
1152 4808 1236 4868 quae
1267 4790 1439 4869 provenire
1469 4787 1553 4851 solet
1575 4809 1619 4849 ex
1641 4807 1758 4851 amore

308 4893 368 4954 Dei
391 4902 423 4953 et
447 4911 556 4953 rerum
580 4891 760 4954 divinarum
783 4913 821 4954 ac
845 4895 1010 4971 virtutum,
1042 4899 1138 4955 vitam
1163 4896 1292 4956 beatam
1316 4906 1348 4956 et
1371 4905 1564 4975 perpetuam
1587 4893 1759 4956 conferen-

307 4999 408 5060 tium?
447 4997 545 5059 Unde
576 5008 607 5059 ct
639 4997 702 5059 hoc
733 4999 790 5059 tibi
821 5018 865 5059 ex
895 4997 1082 5060 Aristotelis
1113 5000 1271 5061 sententia
1301 5020 1363 5062 usu
1393 5001 1522 5062 evenire
1553 4998 1760 5078 crediderim,

309 5103 364 5182 qui
399 5104 498 5165 docet
529 5105 631 5167 simile
662 5107 755 5168 simili
785 5109 926 5170 amicum
957 5131 1037 5188 esse,
1072 5115 1162 5194 quod
1194 5114 1314 5176 doctus
1345 5114 1472 5189 doctos
1504 5111 1652 5174 eruditus
1686 5127 1761 5169 eru-

269 5206 405 5285 nditos,
428 5211 554 5287 probus
578 5212 702 5290 probos
726 5213 808 5274 sicut
832 5233 942 5275 amare
966 5217 1008 5278 ita
1031 5217 1103 5281 illos
1119 5229 1152 5281 ct
1168 5219 1277 5281 fovere
1301 5218 1535 5298 beneficusque
1557 5217 1589 5277 in
1612 5234 1671 5275 eos
1685 5231 1761 5273 esse

310 5319 404 5396 soles,
437 5343 510 5382 curn
540 5324 588 5384 his
613 5321 759 5406 (quando
789 5346 846 5405 per
869 5328 971 5387 otium
1005 5323 1093 5407 licet)
1124 5325 1262 5387 libenter
1292 5324 1527 5399 conversando
1557 5319 1761 5383 conferendo
