<?xml version="1.0" encoding="UTF-8"?>
<!DOCTYPE html PUBLIC "-//W3C//DTD XHTML 1.0 Transitional//EN"
    "http://www.w3.org/TR/xhtml1/DTD/xhtml1-transitional.dtd">
<html xmlns="http://www.w3.org/1999/xhtml" xml:lang="en" lang="en">
 <head>
  <title>
</title>
<meta http-equiv="Content-Type" content="text/html;charset=utf-8" />
  <meta name='ocr-system' content='tesseract 3.04.00' />
  <meta name='ocr-capabilities' content='ocr_page ocr_carea ocr_par ocr_line ocrx_word'/>
</head>
<body>
  <div class='ocr_page' id='page_1' title='image "./dvalistehumanis00vegoog_0112.png"; bbox 0 0 3674 5858; ppageno 0'>
   <div class='ocr_carea' id='block_1_1' title="bbox 463 399 1622 485">
    <p class='ocr_par' dir='ltr' id='par_1_1' title="bbox 463 399 1622 485">
     <span class='ocr_line' id='line_1_1' title="bbox 463 399 1622 485; baseline -0.001 -18"><span class='ocrx_word' id='word_1_1' title='bbox 463 414 512 483; x_wconf 77' lang='lat' dir='ltr'><strong>Jan</strong></span> <span class='ocrx_word' id='word_1_2' title='bbox 532 399 645 468; x_wconf 68' lang='lat' dir='ltr'><strong>siecum</strong></span> <span class='ocrx_word' id='word_1_3' title='bbox 664 412 858 477; x_wconf 73' lang='lat' dir='ltr'><strong>stanrsravovr,</strong></span> <span class='ocrx_word' id='word_1_4' title='bbox 877 414 993 485; x_wconf 85' lang='lat' dir='ltr'><strong>biskupu</strong></span> <span class='ocrx_word' id='word_1_5' title='bbox 1013 415 1233 468; x_wconf 72' lang='lat' dir='ltr'><strong>otomoucktmu</strong></span> <span class='ocrx_word' id='word_1_6' title='bbox 1252 413 1328 469; x_wconf 79' lang='lat'><strong>1522.</strong></span> <span class='ocrx_word' id='word_1_7' title='bbox 1585 413 1622 466; x_wconf 77' lang='lat' dir='ltr'><strong>ss</strong></span> 
     </span>
    </p>
   </div>
   <div class='ocr_carea' id='block_1_2' title="bbox 166 626 1657 1125">
    <p class='ocr_par' dir='ltr' id='par_1_2' title="bbox 166 626 1657 1125">
     <span class='ocr_line' id='line_1_2' title="bbox 166 626 1620 711; baseline -0.003 -19"><span class='ocrx_word' id='word_1_8' title='bbox 166 649 272 711; x_wconf 90' lang='lat' dir='ltr'><strong>genus</strong></span> <span class='ocrx_word' id='word_1_9' title='bbox 295 631 379 691; x_wconf 88' lang='lat' dir='ltr'><strong>vitae</strong></span> <span class='ocrx_word' id='word_1_10' title='bbox 403 627 548 708; x_wconf 84' lang='lat' dir='ltr'><strong>elegeris,</strong></span> <span class='ocrx_word' id='word_1_11' title='bbox 570 627 698 690; x_wconf 90' lang='lat' dir='ltr'><strong>videbis</strong></span> <span class='ocrx_word' id='word_1_12' title='bbox 721 637 754 690; x_wconf 88' lang='lat' dir='ltr'><strong>et</strong></span> <span class='ocrx_word' id='word_1_13' title='bbox 776 637 812 690; x_wconf 90' lang='lat' dir='ltr'><strong>tu</strong></span> <span class='ocrx_word' id='word_1_14' title='bbox 835 628 975 690; x_wconf 91' lang='lat' dir='ltr'><strong>vicissim</strong></span> <span class='ocrx_word' id='word_1_15' title='bbox 999 628 1190 707; x_wconf 83' lang='lat' dir='ltr'><strong>sapientiam</strong></span> <span class='ocrx_word' id='word_1_16' title='bbox 1213 626 1353 703; x_wconf 91' lang='lat' dir='ltr'><strong>illorum,</strong></span> <span class='ocrx_word' id='word_1_17' title='bbox 1377 627 1441 707; x_wconf 92' lang='lat' dir='ltr'><strong>qui,</strong></span> <span class='ocrx_word' id='word_1_18' title='bbox 1465 646 1568 707; x_wconf 93' lang='lat' dir='ltr'><strong>quum</strong></span> <span class='ocrx_word' id='word_1_19' title='bbox 1584 645 1620 689; x_wconf 90' lang='lat' dir='ltr'><strong>se</strong></span> 
     </span>
     <span class='ocr_line' id='line_1_3' title="bbox 166 729 1620 813; baseline 0 -20"><span class='ocrx_word' id='word_1_20' title='bbox 166 733 298 795; x_wconf 86' lang='lat' dir='ltr'><strong>infinitis</strong></span> <span class='ocrx_word' id='word_1_21' title='bbox 322 731 481 812; x_wconf 85' lang='lat' dir='ltr'><strong>prodesse</strong></span> <span class='ocrx_word' id='word_1_22' title='bbox 504 732 648 793; x_wconf 90' lang='lat' dir='ltr'><strong>iactitant</strong></span> <span class='ocrx_word' id='word_1_23' title='bbox 672 742 705 793; x_wconf 92' lang='lat' dir='ltr'><strong>et</strong></span> <span class='ocrx_word' id='word_1_24' title='bbox 727 732 937 811; x_wconf 90' lang='lat' dir='ltr'><strong>impudenter</strong></span> <span class='ocrx_word' id='word_1_25' title='bbox 952 731 1140 813; x_wconf 85' lang='lat' dir='ltr'><strong>gloriantur,</strong></span> <span class='ocrx_word' id='word_1_26' title='bbox 1163 731 1237 811; x_wconf 89' lang='lat' dir='ltr'><strong>plus</strong></span> <span class='ocrx_word' id='word_1_27' title='bbox 1261 730 1358 812; x_wconf 89' lang='lat' dir='ltr'><strong>longe</strong></span> <span class='ocrx_word' id='word_1_28' title='bbox 1381 730 1448 793; x_wconf 92' lang='lat' dir='ltr'><strong>aliis</strong></span> <span class='ocrx_word' id='word_1_29' title='bbox 1472 729 1620 810; x_wconf 81' lang='lat' dir='ltr'><strong>perditae</strong></span> 
     </span>
     <span class='ocr_line' id='line_1_4' title="bbox 166 835 1620 916; baseline -0.001 -19"><span class='ocrx_word' id='word_1_30' title='bbox 166 839 251 898; x_wconf 88' lang='lat' dir='ltr'><strong>vitae</strong></span> <span class='ocrx_word' id='word_1_31' title='bbox 274 837 431 916; x_wconf 91' lang='lat' dir='ltr'><strong>exemplo</strong></span> <span class='ocrx_word' id='word_1_32' title='bbox 455 836 575 897; x_wconf 90' lang='lat' dir='ltr'><strong>obesse</strong></span> <span class='ocrx_word' id='word_1_33' title='bbox 598 846 788 898; x_wconf 87' lang='lat' dir='ltr'><strong>noscuntur.</strong></span> <span class='ocrx_word' id='word_1_34' title='bbox 821 836 914 898; x_wconf 92' lang='lat' dir='ltr'><strong>Haec</strong></span> <span class='ocrx_word' id='word_1_35' title='bbox 937 835 1014 896; x_wconf 91' lang='lat' dir='ltr'><strong>mihi</strong></span> <span class='ocrx_word' id='word_1_36' title='bbox 1037 854 1124 896; x_wconf 89' lang='lat' dir='ltr'><strong>nunc</strong></span> <span class='ocrx_word' id='word_1_37' title='bbox 1147 835 1189 896; x_wconf 92' lang='lat' dir='ltr'><strong>ad</strong></span> <span class='ocrx_word' id='word_1_38' title='bbox 1212 843 1245 897; x_wconf 86' lang='lat' dir='ltr'><strong>te</strong></span> <span class='ocrx_word' id='word_1_39' title='bbox 1268 853 1386 915; x_wconf 89' lang='lat' dir='ltr'><strong>parum</strong></span> <span class='ocrx_word' id='word_1_40' title='bbox 1409 835 1518 897; x_wconf 89' lang='lat' dir='ltr'><strong>otioso</strong></span> <span class='ocrx_word' id='word_1_41' title='bbox 1542 837 1620 896; x_wconf 93' lang='lat' dir='ltr'><strong>scri·</strong></span> 
     </span>
     <span class='ocr_line' id='line_1_5' title="bbox 167 939 1619 1021; baseline -0.003 -18"><span class='ocrx_word' id='word_1_42' title='bbox 167 942 247 1003; x_wconf 90' lang='lat' dir='ltr'><strong>bere</strong></span> <span class='ocrx_word' id='word_1_43' title='bbox 271 940 402 1021; x_wconf 88' lang='lat' dir='ltr'><strong>placuit,</strong></span> <span class='ocrx_word' id='word_1_44' title='bbox 432 950 468 1002; x_wconf 92' lang='lat' dir='ltr'><strong>ut</strong></span> <span class='ocrx_word' id='word_1_45' title='bbox 491 948 524 1002; x_wconf 89' lang='lat' dir='ltr'><strong>te</strong></span> <span class='ocrx_word' id='word_1_46' title='bbox 546 939 578 1001; x_wconf 90' lang='lat' dir='ltr'><strong>in</strong></span> <span class='ocrx_word' id='word_1_47' title='bbox 602 940 699 1001; x_wconf 91' lang='lat' dir='ltr'><strong>animi</strong></span> <span class='ocrx_word' id='word_1_48' title='bbox 730 940 777 1001; x_wconf 92' lang='lat' dir='ltr'><strong>tui</strong></span> <span class='ocrx_word' id='word_1_49' title='bbox 800 941 948 1002; x_wconf 90' lang='lat' dir='ltr'><strong>instituto</strong></span> <span class='ocrx_word' id='word_1_50' title='bbox 972 939 1150 1000; x_wconf 88' lang='lat' dir='ltr'><strong>firmiorem</strong></span> <span class='ocrx_word' id='word_1_51' title='bbox 1181 939 1354 1000; x_wconf 86' lang='lat' dir='ltr'><strong>redderem</strong></span> <span class='ocrx_word' id='word_1_52' title='bbox 1382 949 1414 1001; x_wconf 86' lang='lat' dir='ltr'><strong>et</strong></span> <span class='ocrx_word' id='word_1_53' title='bbox 1438 939 1619 1000; x_wconf 87' lang='lat' dir='ltr'><strong>solitarium</strong></span> 
     </span>
     <span class='ocr_line' id='line_1_6' title="bbox 166 1042 1657 1125; baseline -0.005 -16"><span class='ocrx_word' id='word_1_54' title='bbox 166 1066 190 1111; x_wconf 85' lang='lat' dir='ltr'><strong>a</strong></span> <span class='ocrx_word' id='word_1_55' title='bbox 209 1045 374 1125; x_wconf 89' lang='lat' dir='ltr'><strong>turbaque</strong></span> <span class='ocrx_word' id='word_1_56' title='bbox 397 1043 534 1105; x_wconf 62' lang='lat' dir='ltr'><strong>aliorum</strong></span> <span class='ocrx_word' id='word_1_57' title='bbox 558 1054 732 1120; x_wconf 86' lang='lat' dir='ltr'><strong>semotum,</strong></span> <span class='ocrx_word' id='word_1_58' title='bbox 755 1064 830 1106; x_wconf 93' lang='lat' dir='ltr'><strong>cum</strong></span> <span class='ocrx_word' id='word_1_59' title='bbox 854 1044 1037 1124; x_wconf 88' lang='lat' dir='ltr'><strong>praesentia</strong></span> <span class='ocrx_word' id='word_1_60' title='bbox 1061 1043 1175 1105; x_wconf 90' lang='lat' dir='ltr'><strong>datum</strong></span> <span class='ocrx_word' id='word_1_61' title='bbox 1198 1062 1265 1106; x_wconf 90' lang='lat' dir='ltr'><strong>non</strong></span> <span class='ocrx_word' id='word_1_62' title='bbox 1288 1043 1354 1119; x_wconf 87' lang='lat' dir='ltr'><strong>suit,</strong></span> <span class='ocrx_word' id='word_1_63' title='bbox 1377 1042 1493 1105; x_wconf 90' lang='lat' dir='ltr'><strong>saltem</strong></span> <span class='ocrx_word' id='word_1_64' title='bbox 1517 1042 1616 1104; x_wconf 90' lang='lat' dir='ltr'><strong>literis</strong></span> <span class='ocrx_word' id='word_1_65' title='bbox 1641 1053 1657 1094; x_wconf 74' lang='lat'><strong>5</strong></span> 
     </span>
    </p>
   </div>
   <div class='ocr_carea' id='block_1_3' title="bbox 166 1144 1619 1315">
    <p class='ocr_par' dir='ltr' id='par_1_3' title="bbox 166 1144 1619 1315">
     <span class='ocr_line' id='line_1_7' title="bbox 166 1144 1619 1227; baseline -0.001 -17"><span class='ocrx_word' id='word_1_66' title='bbox 166 1148 370 1211; x_wconf 87' lang='lat' dir='ltr'><strong>consolarer.</strong></span> <span class='ocrx_word' id='word_1_67' title='bbox 393 1148 476 1209; x_wconf 85' lang='lat' dir='ltr'><strong>Vale</strong></span> <span class='ocrx_word' id='word_1_68' title='bbox 493 1148 576 1209; x_wconf 89' lang='lat' dir='ltr'><strong>bene</strong></span> <span class='ocrx_word' id='word_1_69' title='bbox 609 1148 713 1210; x_wconf 86' lang='lat' dir='ltr'><strong>Datae</strong></span> <span class='ocrx_word' id='word_1_70' title='bbox 737 1147 852 1210; x_wconf 88' lang='lat' dir='ltr'><strong>Gurim</strong></span> <span class='ocrx_word' id='word_1_71' title='bbox 879 1149 908 1210; x_wconf 93' lang='lat' dir='ltr'>V</span> <span class='ocrx_word' id='word_1_72' title='bbox 932 1146 1138 1227; x_wconf 87' lang='lat' dir='ltr'><strong>Septembris</strong></span> <span class='ocrx_word' id='word_1_73' title='bbox 1161 1167 1247 1209; x_wconf 92' lang='lat' dir='ltr'><strong>anno</strong></span> <span class='ocrx_word' id='word_1_74' title='bbox 1271 1167 1291 1208; x_wconf 90' lang='lat' dir='ltr'><strong>a</strong></span> <span class='ocrx_word' id='word_1_75' title='bbox 1313 1147 1409 1209; x_wconf 92' lang='lat' dir='ltr'><strong>natali</strong></span> <span class='ocrx_word' id='word_1_76' title='bbox 1434 1144 1619 1209; x_wconf 87' lang='lat' dir='ltr'><strong>Christiano</strong></span> 
     </span>
     <span class='ocr_line' id='line_1_8' title="bbox 167 1252 330 1315; baseline 0.006 -1"><span class='ocrx_word' id='word_1_77' title='bbox 167 1252 330 1315; x_wconf 85' lang='lat' dir='ltr'><strong>MDXXl.</strong></span> 
     </span>
    </p>
   </div>
   <div class='ocr_carea' id='block_1_4' title="bbox 296 1491 1489 1726">
    <p class='ocr_par' dir='ltr' id='par_1_4' title="bbox 296 1491 1489 1726">
     <span class='ocr_line' id='line_1_9' title="bbox 838 1491 955 1553; baseline 0 0"><span class='ocrx_word' id='word_1_78' title='bbox 838 1491 955 1553; x_wconf 94' lang='lat' dir='ltr'><strong>XXXl.</strong></span> 
     </span>
     <span class='ocr_line' id='line_1_10' title="bbox 296 1608 1489 1726; baseline -0.001 -22"><span class='ocrx_word' id='word_1_79' title='bbox 296 1631 375 1726; x_wconf 90' lang='lat' dir='ltr'><strong>Jan</strong></span> <span class='ocrx_word' id='word_1_80' title='bbox 405 1608 575 1703; x_wconf 56' lang='lat' dir='ltr'><strong>§lechta</strong></span> <span class='ocrx_word' id='word_1_81' title='bbox 604 1629 899 1720; x_wconf 88' lang='lat' dir='ltr'><strong>Stanislavovi,</strong></span> <span class='ocrx_word' id='word_1_82' title='bbox 928 1630 1109 1724; x_wconf 86' lang='lat' dir='ltr'><strong>biskupu</strong></span> <span class='ocrx_word' id='word_1_83' title='bbox 1139 1628 1489 1704; x_wconf 75' lang='lat' dir='ltr'><strong>Olomouckemu.</strong></span> 
     </span>
    </p>
   </div>
   <div class='ocr_carea' id='block_1_5' title="bbox 621 1819 1173 1903">
    <p class='ocr_par' dir='ltr' id='par_1_5' title="bbox 621 1819 1173 1903">
     <span class='ocr_line' id='line_1_11' title="bbox 621 1819 1173 1903; baseline 0 -20"><span class='ocrx_word' id='word_1_84' title='bbox 621 1821 820 1901; x_wconf 72' lang='lat' dir='ltr'><strong>(Dedikadni</strong></span> <span class='ocrx_word' id='word_1_85' title='bbox 843 1821 893 1884; x_wconf 91' lang='lat' dir='ltr'><strong>list</strong></span> <span class='ocrx_word' id='word_1_86' title='bbox 918 1819 1173 1903; x_wconf 86' lang='lat' dir='ltr'><strong>Mikrokosmu.)</strong></span> 
     </span>
    </p>
   </div>
   <div class='ocr_carea' id='block_1_6' title="bbox 165 1989 1623 3014">
    <p class='ocr_par' dir='ltr' id='par_1_6' title="bbox 165 1989 1623 3014">
     <span class='ocr_line' id='line_1_12' title="bbox 258 1989 1622 2060; baseline -0.001 -14"><span class='ocrx_word' id='word_1_87' title='bbox 258 1993 282 2046; x_wconf 83' lang='lat' dir='ltr'>V</span> <span class='ocrx_word' id='word_1_88' title='bbox 303 1992 441 2047; x_wconf 77' lang='lat' dir='ltr'><strong>Xostelci</strong></span> <span class='ocrx_word' id='word_1_89' title='bbox 462 1991 610 2046; x_wconf 65' lang='lat' dir='ltr'><strong>labatem</strong></span> <span class='ocrx_word' id='word_1_90' title='bbox 626 1990 711 2046; x_wconf 73' lang='lat'><strong>¹522</strong></span> <span class='ocrx_word' id='word_1_91' title='bbox 732 2022 763 2029; x_wconf 91' lang='lat'><em>-</em></span> <span class='ocrx_word' id='word_1_92' title='bbox 785 1991 843 2046; x_wconf 82' lang='grc'><strong>30.</strong></span> <span class='ocrx_word' id='word_1_93' title='bbox 858 1991 968 2045; x_wconf 77' lang='lat' dir='ltr'><strong>dubria.</strong></span> <span class='ocrx_word' id='word_1_94' title='bbox 988 1989 1144 2060; x_wconf 81' lang='lat' dir='ltr'><strong>Vypravuje</strong></span> <span class='ocrx_word' id='word_1_95' title='bbox 1158 1991 1252 2045; x_wconf 73' lang='lat' dir='ltr'><strong>luritce</strong></span> <span class='ocrx_word' id='word_1_96' title='bbox 1265 2008 1282 2044; x_wconf 95' lang='grc' dir='ltr'>ο</span> <span class='ocrx_word' id='word_1_97' title='bbox 1295 1992 1418 2045; x_wconf 86' lang='lat' dir='ltr'><strong>osudech</strong></span> <span class='ocrx_word' id='word_1_98' title='bbox 1433 1991 1622 2046; x_wconf 74' lang='lat' dir='ltr'><strong>filosofiekeho</strong></span> 
     </span>
     <span class='ocr_line' id='line_1_13' title="bbox 167 2077 1623 2148; baseline -0.001 -16"><span class='ocrx_word' id='word_1_99' title='bbox 167 2080 283 2148; x_wconf 82' lang='lat' dir='ltr'><strong>dialogu</strong></span> <span class='ocrx_word' id='word_1_100' title='bbox 302 2080 399 2144; x_wconf 66' lang='lat' dir='ltr'><strong>weho,</strong></span> <span class='ocrx_word' id='word_1_101' title='bbox 417 2080 495 2146; x_wconf 66' lang='lat' dir='ltr'><strong>ktery</strong></span> <span class='ocrx_word' id='word_1_102' title='bbox 514 2078 610 2132; x_wconf 83' lang='lat' dir='ltr'><strong>nazval</strong></span> <span class='ocrx_word' id='word_1_103' title='bbox 629 2078 843 2140; x_wconf 79' lang='lat' dir='ltr'><strong>Mikrolrosmus,</strong></span> <span class='ocrx_word' id='word_1_104' title='bbox 867 2096 883 2132; x_wconf 84' lang='lat' dir='ltr'><strong>a</strong></span> <span class='ocrx_word' id='word_1_105' title='bbox 909 2095 926 2130; x_wconf 94' lang='lat' dir='ltr'><strong>o</strong></span> <span class='ocrx_word' id='word_1_106' title='bbox 944 2077 1105 2147; x_wconf 87' lang='lat' dir='ltr'><strong>posndcich,</strong></span> <span class='ocrx_word' id='word_1_107' title='bbox 1125 2077 1202 2145; x_wconf 78' lang='lat' dir='ltr'><strong>jichl</strong></span> <span class='ocrx_word' id='word_1_108' title='bbox 1225 2095 1256 2130; x_wconf 82' lang='lat' dir='ltr'><strong>se</strong></span> <span class='ocrx_word' id='word_1_109' title='bbox 1282 2095 1328 2130; x_wconf 92' lang='lat' dir='ltr'><strong>mu</strong></span> <span class='ocrx_word' id='word_1_110' title='bbox 1352 2094 1385 2131; x_wconf 85' lang='lat' dir='ltr'><strong>za</strong></span> <span class='ocrx_word' id='word_1_111' title='bbox 1402 2077 1437 2130; x_wconf 73' lang='lat'><strong>‘2⁸2</strong></span> <span class='ocrx_word' id='word_1_112' title='bbox 1455 2080 1493 2131; x_wconf 91' lang='lat' dir='ltr'><strong>let</strong></span> <span class='ocrx_word' id='word_1_113' title='bbox 1511 2080 1545 2131; x_wconf 93' lang='lat' dir='ltr'><strong>od</strong></span> <span class='ocrx_word' id='word_1_114' title='bbox 1564 2096 1623 2131; x_wconf 89' lang='lat' dir='ltr'><strong>roz·</strong></span> 
     </span>
     <span class='ocr_line' id='line_1_14' title="bbox 166 2164 1622 2235; baseline -0.001 -17"><span class='ocrx_word' id='word_1_115' title='bbox 166 2166 278 2235; x_wconf 67' lang='lat' dir='ltr'><strong>lidnycb</strong></span> <span class='ocrx_word' id='word_1_116' title='bbox 304 2165 390 2233; x_wconf 72' lang='lat' dir='ltr'><strong>pratel</strong></span> <span class='ocrx_word' id='word_1_117' title='bbox 414 2165 583 2232; x_wconf 82' lang='lat' dir='ltr'><strong>(Stanislava</strong></span> <span class='ocrx_word' id='word_1_118' title='bbox 607 2167 733 2227; x_wconf 80' lang='lat' dir='ltr'><strong>sameho,</strong></span> <span class='ocrx_word' id='word_1_119' title='bbox 758 2166 916 2217; x_wconf 84' lang='lat' dir='ltr'><strong>Bohuslava</strong></span> <span class='ocrx_word' id='word_1_120' title='bbox 941 2182 956 2218; x_wconf 91' lang='lat' dir='ltr'>z</span> <span class='ocrx_word' id='word_1_121' title='bbox 981 2164 1134 2227; x_wconf 87' lang='lat' dir='ltr'><strong>Lobkovic,</strong></span> <span class='ocrx_word' id='word_1_122' title='bbox 1157 2165 1227 2234; x_wconf 80' lang='lat' dir='ltr'><strong>Jana</strong></span> <span class='ocrx_word' id='word_1_123' title='bbox 1245 2164 1475 2228; x_wconf 74' lang='lat' dir='ltr'><strong>Deobravslreho,</strong></span> <span class='ocrx_word' id='word_1_124' title='bbox 1499 2166 1622 2234; x_wconf 69' lang='lat' dir='ltr'><strong>Kaspeira</strong></span> 
     </span>
     <span class='ocr_line' id='line_1_15' title="bbox 167 2250 1621 2320; baseline -0.001 -14"><span class='ocrx_word' id='word_1_125' title='bbox 167 2252 270 2306; x_wconf 77' lang='lat' dir='ltr'><strong>Ursino</strong></span> <span class='ocrx_word' id='word_1_126' title='bbox 293 2251 384 2320; x_wconf 89' lang='lat' dir='ltr'><strong>Velia)</strong></span> <span class='ocrx_word' id='word_1_127' title='bbox 409 2253 526 2304; x_wconf 84' lang='lat' dir='ltr'><strong>dostalo.</strong></span> <span class='ocrx_word' id='word_1_128' title='bbox 564 2252 626 2320; x_wconf 86' lang='lat' dir='ltr'><strong>Aby</strong></span> <span class='ocrx_word' id='word_1_129' title='bbox 650 2252 705 2304; x_wconf 90' lang='lat' dir='ltr'><strong>dllo</strong></span> <span class='ocrx_word' id='word_1_130' title='bbox 728 2259 788 2304; x_wconf 84' lang='lat' dir='ltr'><strong>toto</strong></span> <span class='ocrx_word' id='word_1_131' title='bbox 814 2251 931 2319; x_wconf 79' lang='lat' dir='ltr'><strong>bislrupu</strong></span> <span class='ocrx_word' id='word_1_132' title='bbox 950 2250 1135 2305; x_wconf 79' lang='lat' dir='ltr'><strong>Stanislavovi</strong></span> <span class='ocrx_word' id='word_1_133' title='bbox 1159 2253 1285 2315; x_wconf 73' lang='lat' dir='ltr'><strong>venoval,</strong></span> <span class='ocrx_word' id='word_1_134' title='bbox 1310 2252 1421 2305; x_wconf 82' lang='lat' dir='ltr'><strong>lrtomu</strong></span> <span class='ocrx_word' id='word_1_135' title='bbox 1441 2252 1569 2320; x_wconf 71' lang='lat' dir='ltr'><strong>pobirdajl</strong></span> <span class='ocrx_word' id='word_1_136' title='bbox 1586 2252 1621 2319; x_wconf 84' lang='lat' dir='ltr'><strong>jej</strong></span> 
     </span>
     <span class='ocr_line' id='line_1_16' title="bbox 166 2337 1622 2408; baseline -0.001 -16"><span class='ocrx_word' id='word_1_137' title='bbox 166 2340 269 2408; x_wconf 72' lang='lat' dir='ltr'><strong>poprvk</strong></span> <span class='ocrx_word' id='word_1_138' title='bbox 285 2338 353 2407; x_wconf 89' lang='lat' dir='ltr'><strong>jeho</strong></span> <span class='ocrx_word' id='word_1_139' title='bbox 371 2338 516 2392; x_wconf 73' lang='lat' dir='ltr'><strong>uslechtile</strong></span> <span class='ocrx_word' id='word_1_140' title='bbox 536 2355 631 2408; x_wconf 88' lang='lat' dir='ltr'><strong>mravy</strong></span> <span class='ocrx_word' id='word_1_141' title='bbox 649 2357 666 2391; x_wconf 84' lang='lat' dir='ltr'><strong>a</strong></span> <span class='ocrx_word' id='word_1_142' title='bbox 685 2340 811 2392; x_wconf 71' lang='lat' dir='ltr'><strong>udenost.</strong></span> <span class='ocrx_word' id='word_1_143' title='bbox 834 2348 928 2407; x_wconf 86' lang='lat' dir='ltr'><strong>potom</strong></span> <span class='ocrx_word' id='word_1_144' title='bbox 944 2337 1011 2405; x_wconf 88' lang='lat' dir='ltr'><strong>jeho</strong></span> <span class='ocrx_word' id='word_1_145' title='bbox 1030 2338 1167 2391; x_wconf 69' lang='lat' dir='ltr'><strong>statniclre</strong></span> <span class='ocrx_word' id='word_1_146' title='bbox 1187 2338 1350 2408; x_wconf 85' lang='lat' dir='ltr'><strong>schopnosti</strong></span> <span class='ocrx_word' id='word_1_147' title='bbox 1375 2357 1392 2390; x_wconf 90' lang='lat' dir='ltr'>v</span> <span class='ocrx_word' id='word_1_148' title='bbox 1412 2340 1555 2408; x_wconf 71' lang='lat' dir='ltr'><strong>mnohych</strong></span> <span class='ocrx_word' id='word_1_149' title='bbox 1575 2356 1622 2407; x_wconf 92' lang='lat' dir='ltr'><strong>po·</strong></span> 
     </span>
     <span class='ocr_line' id='line_1_17' title="bbox 166 2423 1623 2494; baseline -0.001 -15"><span class='ocrx_word' id='word_1_150' title='bbox 166 2426 301 2479; x_wconf 88' lang='lat' dir='ltr'><strong>selstvlch</strong></span> <span class='ocrx_word' id='word_1_151' title='bbox 321 2426 504 2492; x_wconf 71' lang='lat' dir='ltr'><strong>lrnilovskycb</strong></span> <span class='ocrx_word' id='word_1_152' title='bbox 524 2425 608 2477; x_wconf 83' lang='lat' dir='ltr'><strong>doma</strong></span> <span class='ocrx_word' id='word_1_153' title='bbox 627 2423 634 2476; x_wconf 96' lang='lat' dir='ltr'><strong>i</strong></span> <span class='ocrx_word' id='word_1_154' title='bbox 654 2443 671 2476; x_wconf 90' lang='lat' dir='ltr'>v</span> <span class='ocrx_word' id='word_1_155' title='bbox 684 2424 774 2477; x_wconf 79' lang='lat' dir='ltr'><strong>cizine</strong></span> <span class='ocrx_word' id='word_1_156' title='bbox 794 2426 961 2487; x_wconf 70' lang='lat' dir='ltr'><strong>osveddene,</strong></span> <span class='ocrx_word' id='word_1_157' title='bbox 978 2425 1022 2492; x_wconf 75' lang='lat' dir='ltr'><strong>jel</strong></span> <span class='ocrx_word' id='word_1_158' title='bbox 1042 2424 1148 2494; x_wconf 81' lang='lat' dir='ltr'><strong>zlskaly</strong></span> <span class='ocrx_word' id='word_1_159' title='bbox 1166 2442 1213 2478; x_wconf 90' lang='lat' dir='ltr'><strong>mu</strong></span> <span class='ocrx_word' id='word_1_160' title='bbox 1226 2425 1333 2479; x_wconf 69' lang='lat' dir='ltr'><strong>obecne</strong></span> <span class='ocrx_word' id='word_1_161' title='bbox 1347 2426 1446 2494; x_wconf 75' lang='lat' dir='ltr'><strong>chvrtly</strong></span> <span class='ocrx_word' id='word_1_162' title='bbox 1458 2443 1474 2479; x_wconf 84' lang='lat' dir='ltr'><strong>a</strong></span> <span class='ocrx_word' id='word_1_163' title='bbox 1487 2427 1623 2490; x_wconf 71' lang='lat' dir='ltr'><strong>vdinosti,</strong></span> 
     </span>
     <span class='ocr_line' id='line_1_18' title="bbox 166 2511 1622 2580; baseline 0 -14"><span class='ocrx_word' id='word_1_164' title='bbox 166 2514 294 2567; x_wconf 68' lang='lat' dir='ltr'><strong>konedni</strong></span> <span class='ocrx_word' id='word_1_165' title='bbox 314 2514 373 2565; x_wconf 68' lang='lat' dir='ltr'><strong>sirm</strong></span> <span class='ocrx_word' id='word_1_166' title='bbox 393 2512 481 2565; x_wconf 87' lang='lat' dir='ltr'><strong>obsab</strong></span> <span class='ocrx_word' id='word_1_167' title='bbox 500 2511 587 2580; x_wconf 89' lang='lat' dir='ltr'><strong>spisu,</strong></span> <span class='ocrx_word' id='word_1_168' title='bbox 604 2511 668 2579; x_wconf 76' lang='lat' dir='ltr'><strong>jeni</strong></span> <span class='ocrx_word' id='word_1_169' title='bbox 688 2528 823 2565; x_wconf 87' lang='lat' dir='ltr'><strong>namnoze</strong></span> <span class='ocrx_word' id='word_1_170' title='bbox 845 2511 901 2579; x_wconf 88' lang='lat' dir='ltr'><strong>jest</strong></span> <span class='ocrx_word' id='word_1_171' title='bbox 925 2512 992 2566; x_wconf 75' lang='lat' dir='ltr'><strong>rrizu</strong></span> <span class='ocrx_word' id='word_1_172' title='bbox 1010 2512 1214 2565; x_wconf 66' lang='lat' dir='ltr'><strong>bobovldneho</strong></span> <span class='ocrx_word' id='word_1_173' title='bbox 1237 2530 1254 2566; x_wconf 87' lang='lat' dir='ltr'><strong>a</strong></span> <span class='ocrx_word' id='word_1_174' title='bbox 1278 2513 1495 2566; x_wconf 70' lang='lat' dir='ltr'><strong>mravoudnkho.</strong></span> <span class='ocrx_word' id='word_1_175' title='bbox 1527 2512 1622 2566; x_wconf 81' lang='lat' dir='ltr'><strong>Obsah</strong></span> 
     </span>
     <span class='ocr_line' id='line_1_19' title="bbox 166 2598 1621 2669; baseline 0 -16"><span class='ocrx_word' id='word_1_176' title='bbox 166 2607 215 2653; x_wconf 91' lang='lat' dir='ltr'><strong>ten</strong></span> <span class='ocrx_word' id='word_1_177' title='bbox 235 2607 330 2668; x_wconf 89' lang='lat' dir='ltr'><strong>potom</strong></span> <span class='ocrx_word' id='word_1_178' title='bbox 351 2600 445 2651; x_wconf 77' lang='lat' dir='ltr'><strong>kratce</strong></span> <span class='ocrx_word' id='word_1_179' title='bbox 471 2598 573 2666; x_wconf 74' lang='lat' dir='ltr'><strong>vyty&#39;lrd</strong></span> <span class='ocrx_word' id='word_1_180' title='bbox 593 2598 600 2650; x_wconf 97' lang='lat' dir='ltr'><strong>i</strong></span> <span class='ocrx_word' id='word_1_181' title='bbox 620 2598 746 2661; x_wconf 70' lang='lat' dir='ltr'><strong>dolldda,</strong></span> <span class='ocrx_word' id='word_1_182' title='bbox 774 2598 806 2651; x_wconf 77' lang='lat' dir='ltr'><strong>ie</strong></span> <span class='ocrx_word' id='word_1_183' title='bbox 830 2599 969 2652; x_wconf 86' lang='lat' dir='ltr'><strong>Stanislav</strong></span> <span class='ocrx_word' id='word_1_184' title='bbox 995 2599 1120 2652; x_wconf 74' lang='lat' dir='ltr'><strong>vlivote</strong></span> <span class='ocrx_word' id='word_1_185' title='bbox 1144 2600 1222 2652; x_wconf 70' lang='lat' dir='ltr'><strong>avem</strong></span> <span class='ocrx_word' id='word_1_186' title='bbox 1246 2600 1377 2652; x_wconf 68' lang='lat' dir='ltr'><strong>zdsadam</strong></span> <span class='ocrx_word' id='word_1_187' title='bbox 1400 2599 1451 2653; x_wconf 85' lang='lat' dir='ltr'><strong>zde</strong></span> <span class='ocrx_word' id='word_1_188' title='bbox 1475 2600 1621 2669; x_wconf 63' lang='lat' dir='ltr'><strong>hlasanem</strong></span> 
     </span>
     <span class='ocr_line' id='line_1_20' title="bbox 166 2685 1622 2756; baseline 0 -16"><span class='ocrx_word' id='word_1_189' title='bbox 166 2687 283 2740; x_wconf 74' lang='lat' dir='ltr'><strong>abstava</strong></span> <span class='ocrx_word' id='word_1_190' title='bbox 302 2688 395 2742; x_wconf 72' lang='lat' dir='ltr'><strong>vereri,</strong></span> <span class='ocrx_word' id='word_1_191' title='bbox 414 2703 448 2737; x_wconf 86' lang='lat' dir='ltr'><strong>an</strong></span> <span class='ocrx_word' id='word_1_192' title='bbox 468 2685 595 2752; x_wconf 89' lang='lat' dir='ltr'><strong>zejmena</strong></span> <span class='ocrx_word' id='word_1_193' title='bbox 613 2685 734 2752; x_wconf 88' lang='lat' dir='ltr'><strong>oblibuje</strong></span> <span class='ocrx_word' id='word_1_194' title='bbox 759 2687 782 2737; x_wconf 90' lang='lat' dir='ltr'><strong>si</strong></span> <span class='ocrx_word' id='word_1_195' title='bbox 808 2686 946 2739; x_wconf 78' lang='lat' dir='ltr'><strong>obcovani</strong></span> <span class='ocrx_word' id='word_1_196' title='bbox 971 2686 1143 2756; x_wconf 58' lang='lat' dir='ltr'><strong>sudeam,</strong></span> <span class='ocrx_word' id='word_1_197' title='bbox 1164 2685 1202 2753; x_wconf 74' lang='lat' dir='ltr'><strong>jii</strong></span> <span class='ocrx_word' id='word_1_198' title='bbox 1221 2688 1271 2756; x_wconf 72' lang='lat' dir='ltr'><strong>pry</strong></span> <span class='ocrx_word' id='word_1_199' title='bbox 1289 2687 1325 2738; x_wconf 92' lang='lat' dir='ltr'><strong>od</strong></span> <span class='ocrx_word' id='word_1_200' title='bbox 1344 2688 1508 2755; x_wconf 64' lang='lat' dir='ltr'><strong>neudenych</strong></span> <span class='ocrx_word' id='word_1_201' title='bbox 1526 2688 1572 2740; x_wconf 81' lang='lat' dir='ltr'><strong>talr</strong></span> <span class='ocrx_word' id='word_1_202' title='bbox 1592 2706 1622 2740; x_wconf 81' lang='lat' dir='ltr'><strong>se</strong></span> 
     </span>
     <span class='ocr_line' id='line_1_21' title="bbox 167 2772 1622 2840; baseline 0 -14"><span class='ocrx_word' id='word_1_203' title='bbox 167 2774 211 2826; x_wconf 79' lang='lat' dir='ltr'><strong>list</strong></span> <span class='ocrx_word' id='word_1_204' title='bbox 228 2772 293 2840; x_wconf 80' lang='lat' dir='ltr'><strong>jairo</strong></span> <span class='ocrx_word' id='word_1_205' title='bbox 311 2773 365 2824; x_wconf 79' lang='lat' dir='ltr'><strong>iivi</strong></span> <span class='ocrx_word' id='word_1_206' title='bbox 385 2773 420 2825; x_wconf 94' lang='lat' dir='ltr'><strong>od</strong></span> <span class='ocrx_word' id='word_1_207' title='bbox 441 2773 577 2840; x_wconf 67' lang='lat' dir='ltr'><strong>mrtvych.</strong></span> <span class='ocrx_word' id='word_1_208' title='bbox 614 2773 697 2825; x_wconf 88' lang='lat' dir='ltr'><strong>Proto</strong></span> <span class='ocrx_word' id='word_1_209' title='bbox 721 2791 738 2824; x_wconf 90' lang='lat' dir='ltr'>v</span> <span class='ocrx_word' id='word_1_210' title='bbox 757 2774 881 2825; x_wconf 90' lang='lat' dir='ltr'><strong>ochranu</strong></span> <span class='ocrx_word' id='word_1_211' title='bbox 903 2772 970 2840; x_wconf 88' lang='lat' dir='ltr'><strong>jeho</strong></span> <span class='ocrx_word' id='word_1_212' title='bbox 995 2773 1157 2826; x_wconf 71' lang='lat' dir='ltr'><strong>odevzdavd</strong></span> <span class='ocrx_word' id='word_1_213' title='bbox 1180 2773 1279 2826; x_wconf 87' lang='lat' dir='ltr'><strong>auktor</strong></span> <span class='ocrx_word' id='word_1_214' title='bbox 1301 2774 1357 2827; x_wconf 91' lang='lat' dir='ltr'><strong>dilo</strong></span> <span class='ocrx_word' id='word_1_215' title='bbox 1380 2774 1429 2826; x_wconf 65' lang='lat' dir='ltr'><strong>sve</strong></span> <span class='ocrx_word' id='word_1_216' title='bbox 1450 2773 1517 2840; x_wconf 75' lang='lat' dir='ltr'><strong>pled</strong></span> <span class='ocrx_word' id='word_1_217' title='bbox 1536 2773 1622 2835; x_wconf 89' lang='lat' dir='ltr'><strong>lidmi‚</strong></span> 
     </span>
     <span class='ocr_line' id='line_1_22' title="bbox 166 2858 1615 2930; baseline 0.002 -18"><span class='ocrx_word' id='word_1_218' title='bbox 166 2860 238 2912; x_wconf 80' lang='lat' dir='ltr'><strong>kteti</strong></span> <span class='ocrx_word' id='word_1_219' title='bbox 256 2858 311 2929; x_wconf 88' lang='lat' dir='ltr'><strong>aby</strong></span> <span class='ocrx_word' id='word_1_220' title='bbox 330 2859 400 2911; x_wconf 86' lang='lat' dir='ltr'><strong>sami</strong></span> <span class='ocrx_word' id='word_1_221' title='bbox 420 2859 490 2912; x_wconf 75' lang='lat' dir='ltr'><strong>zdali</strong></span> <span class='ocrx_word' id='word_1_222' title='bbox 510 2877 539 2912; x_wconf 90' lang='lat' dir='ltr'><strong>se</strong></span> <span class='ocrx_word' id='word_1_223' title='bbox 558 2859 678 2919; x_wconf 75' lang='lat' dir='ltr'><strong>versimi,</strong></span> <span class='ocrx_word' id='word_1_224' title='bbox 696 2859 748 2912; x_wconf 90' lang='lat' dir='ltr'><strong>cizi</strong></span> <span class='ocrx_word' id='word_1_225' title='bbox 768 2860 848 2927; x_wconf 72' lang='lat' dir='ltr'><strong>praee</strong></span> <span class='ocrx_word' id='word_1_226' title='bbox 867 2860 925 2913; x_wconf 72' lang='lat' dir='ltr'><strong>radi</strong></span> <span class='ocrx_word' id='word_1_227' title='bbox 943 2860 1069 2927; x_wconf 75' lang='lat' dir='ltr'><strong>zlehtuji.</strong></span> <span class='ocrx_word' id='word_1_228' title='bbox 1100 2859 1244 2929; x_wconf 80' lang='lat' dir='ltr'><strong>(Bohuslai</strong></span> <span class='ocrx_word' id='word_1_229' title='bbox 1264 2859 1418 2915; x_wconf 82' lang='lat' dir='ltr'><strong>Hasistenii</strong></span> <span class='ocrx_word' id='word_1_230' title='bbox 1437 2861 1517 2914; x_wconf 89' lang='lat' dir='ltr'><strong>Nova</strong></span> <span class='ocrx_word' id='word_1_231' title='bbox 1537 2861 1615 2930; x_wconf 89' lang='lat' dir='ltr'><strong>epist.</strong></span> 
     </span>
     <span class='ocr_line' id='line_1_23' title="bbox 165 2946 480 3014; baseline -0.01 -14"><span class='ocrx_word' id='word_1_232' title='bbox 165 2947 304 3014; x_wconf 84' lang='lat' dir='ltr'><strong>appendix</strong></span> <span class='ocrx_word' id='word_1_233' title='bbox 324 2962 359 2998; x_wconf 89' lang='lat' dir='ltr'><strong>na</strong></span> <span class='ocrx_word' id='word_1_234' title='bbox 378 2946 480 3013; x_wconf 83' lang='lat' dir='ltr'><strong>konci.)</strong></span> 
     </span>
    </p>
   </div>
   <div class='ocr_carea' id='block_1_7' title="bbox 167 3138 1668 5205">
    <p class='ocr_par' dir='ltr' id='par_1_7' title="bbox 167 3138 1668 5205">
     <span class='ocr_line' id='line_1_24' title="bbox 192 3138 1620 3222; baseline -0.001 -16"><span class='ocrx_word' id='word_1_235' title='bbox 192 3201 195 3206; x_wconf 91' lang='lat'>.</span> <span class='ocrx_word' id='word_1_236' title='bbox 256 3140 401 3221; x_wconf 88' lang='lat' dir='ltr'><strong>Joannes</strong></span> <span class='ocrx_word' id='word_1_237' title='bbox 425 3139 574 3202; x_wconf 89' lang='lat' dir='ltr'><strong>Sslechta</strong></span> <span class='ocrx_word' id='word_1_238' title='bbox 597 3140 628 3203; x_wconf 91' lang='lat' dir='ltr'><strong>d.</strong></span> <span class='ocrx_word' id='word_1_239' title='bbox 653 3138 815 3202; x_wconf 87' lang='lat' dir='ltr'><strong>Stanislao</strong></span> <span class='ocrx_word' id='word_1_240' title='bbox 831 3139 984 3216; x_wconf 88' lang='lat' dir='ltr'><strong>Turzoni,</strong></span> <span class='ocrx_word' id='word_1_241' title='bbox 1008 3141 1168 3220; x_wconf 91' lang='lat' dir='ltr'><strong>episcopo</strong></span> <span class='ocrx_word' id='word_1_242' title='bbox 1185 3139 1400 3204; x_wconf 90' lang='lat' dir='ltr'><strong>Olomucensi</strong></span> <span class='ocrx_word' id='word_1_243' title='bbox 1422 3151 1483 3205; x_wconf 94' lang='lat' dir='ltr'><strong>etc.</strong></span> <span class='ocrx_word' id='word_1_244' title='bbox 1501 3164 1524 3205; x_wconf 86' lang='lat' dir='ltr'><strong>s.</strong></span> <span class='ocrx_word' id='word_1_245' title='bbox 1541 3164 1571 3222; x_wconf 92' lang='lat' dir='ltr'><strong>p.</strong></span> <span class='ocrx_word' id='word_1_246' title='bbox 1588 3143 1620 3205; x_wconf 93' lang='lat' dir='ltr'><strong>d.</strong></span> 
     </span>
     <span class='ocr_line' id='line_1_25' title="bbox 167 3242 1622 3326; baseline 0.003 -20"><span class='ocrx_word' id='word_1_247' title='bbox 167 3242 302 3325; x_wconf 89' lang='lat' dir='ltr'><strong>Scripsi,</strong></span> <span class='ocrx_word' id='word_1_248' title='bbox 334 3253 427 3323; x_wconf 86' lang='lat' dir='ltr'><strong>pater</strong></span> <span class='ocrx_word' id='word_1_249' title='bbox 458 3245 735 3317; x_wconf 87' lang='lat' dir='ltr'><strong>reverendissime,</strong></span> <span class='ocrx_word' id='word_1_250' title='bbox 765 3255 840 3306; x_wconf 88' lang='lat' dir='ltr'><strong>ante</strong></span> <span class='ocrx_word' id='word_1_251' title='bbox 863 3264 966 3306; x_wconf 89' lang='lat' dir='ltr'><strong>annos</strong></span> <span class='ocrx_word' id='word_1_252' title='bbox 990 3245 1136 3326; x_wconf 85' lang='lat' dir='ltr'><strong>viginti,¹l</strong></span> <span class='ocrx_word' id='word_1_253' title='bbox 1167 3264 1242 3306; x_wconf 91' lang='lat' dir='ltr'><strong>cum</strong></span> <span class='ocrx_word' id='word_1_254' title='bbox 1266 3244 1376 3307; x_wconf 92' lang='lat' dir='ltr'><strong>adbuc</strong></span> <span class='ocrx_word' id='word_1_255' title='bbox 1399 3247 1431 3307; x_wconf 90' lang='lat' dir='ltr'><strong>in</strong></span> <span class='ocrx_word' id='word_1_256' title='bbox 1456 3246 1622 3311; x_wconf 86' lang='lat' dir='ltr'><strong>Pannonia</strong></span> 
     </span>
     <span class='ocr_line' id='line_1_26' title="bbox 168 3348 1664 3433; baseline 0 -23"><span class='ocrx_word' id='word_1_257' title='bbox 168 3349 260 3428; x_wconf 92' lang='lat' dir='ltr'><strong>apud</strong></span> <span class='ocrx_word' id='word_1_258' title='bbox 280 3349 524 3410; x_wconf 89' lang='lat' dir='ltr'><strong>serenissimum</strong></span> <span class='ocrx_word' id='word_1_259' title='bbox 544 3349 711 3428; x_wconf 90' lang='lat' dir='ltr'><strong>quondam</strong></span> <span class='ocrx_word' id='word_1_260' title='bbox 728 3350 908 3429; x_wconf 89' lang='lat' dir='ltr'><strong>principem</strong></span> <span class='ocrx_word' id='word_1_261' title='bbox 931 3348 1155 3423; x_wconf 87' lang='lat' dir='ltr'><strong>Wiadislaum,</strong></span> <span class='ocrx_word' id='word_1_262' title='bbox 1173 3348 1361 3430; x_wconf 85' lang='lat' dir='ltr'><strong>Hungariae</strong></span> <span class='ocrx_word' id='word_1_263' title='bbox 1382 3349 1624 3433; x_wconf 89' lang='lat' dir='ltr'><strong>Bohemiaeque</strong></span> <span class='ocrx_word' id='word_1_264' title='bbox 1638 3370 1664 3411; x_wconf 78' lang='grc' dir='ltr'><strong>ιο</strong></span> 
     </span>
     <span class='ocr_line' id='line_1_27' title="bbox 168 3452 1625 3535; baseline 0.004 -21"><span class='ocrx_word' id='word_1_265' title='bbox 168 3471 292 3534; x_wconf 88' lang='lat' dir='ltr'><strong>regem,</strong></span> <span class='ocrx_word' id='word_1_266' title='bbox 314 3471 434 3514; x_wconf 89' lang='lat' dir='ltr'><strong>munus</strong></span> <span class='ocrx_word' id='word_1_267' title='bbox 457 3452 621 3515; x_wconf 88' lang='lat' dir='ltr'><strong>secretarii</strong></span> <span class='ocrx_word' id='word_1_268' title='bbox 646 3454 782 3526; x_wconf 89' lang='lat' dir='ltr'><strong>obirem,</strong></span> <span class='ocrx_word' id='word_1_269' title='bbox 806 3452 973 3535; x_wconf 82' lang='lat' dir='ltr'><strong>dialogum</strong></span> <span class='ocrx_word' id='word_1_270' title='bbox 997 3452 1171 3534; x_wconf 90' lang='lat' dir='ltr'><strong>quendam,</strong></span> <span class='ocrx_word' id='word_1_271' title='bbox 1195 3454 1247 3514; x_wconf 90' lang='lat' dir='ltr'><strong>cui</strong></span> <span class='ocrx_word' id='word_1_272' title='bbox 1270 3453 1482 3516; x_wconf 90' lang='lat' dir='ltr'><strong>Microcosmi</strong></span> <span class='ocrx_word' id='word_1_273' title='bbox 1504 3475 1625 3520; x_wconf 90' lang='lat' dir='ltr'><strong>nomen</strong></span> 
     </span>
     <span class='ocr_line' id='line_1_28' title="bbox 169 3556 1625 3639; baseline 0.005 -22"><span class='ocrx_word' id='word_1_274' title='bbox 169 3556 279 3627; x_wconf 87' lang='lat' dir='ltr'><strong>indidi,</strong></span> <span class='ocrx_word' id='word_1_275' title='bbox 302 3557 335 3617; x_wconf 89' lang='lat' dir='ltr'><strong>in</strong></span> <span class='ocrx_word' id='word_1_276' title='bbox 358 3577 425 3638; x_wconf 93' lang='lat' dir='ltr'><strong>quo</strong></span> <span class='ocrx_word' id='word_1_277' title='bbox 451 3556 493 3617; x_wconf 93' lang='lat' dir='ltr'><strong>de</strong></span> <span class='ocrx_word' id='word_1_278' title='bbox 517 3567 656 3638; x_wconf 88' lang='lat' dir='ltr'><strong>utraque</strong></span> <span class='ocrx_word' id='word_1_279' title='bbox 680 3557 820 3619; x_wconf 91' lang='lat' dir='ltr'><strong>hominis</strong></span> <span class='ocrx_word' id='word_1_280' title='bbox 844 3568 936 3636; x_wconf 86' lang='lat' dir='ltr'><strong>parte</strong></span> <span class='ocrx_word' id='word_1_281' title='bbox 960 3559 1073 3639; x_wconf 86' lang='lat' dir='ltr'><strong>agitur,</strong></span> <span class='ocrx_word' id='word_1_282' title='bbox 1097 3557 1162 3618; x_wconf 92' lang='lat' dir='ltr'><strong>hoc</strong></span> <span class='ocrx_word' id='word_1_283' title='bbox 1187 3567 1237 3618; x_wconf 89' lang='lat' dir='ltr'><strong>est</strong></span> <span class='ocrx_word' id='word_1_284' title='bbox 1261 3558 1411 3637; x_wconf 89' lang='lat' dir='ltr'><strong>corporis</strong></span> <span class='ocrx_word' id='word_1_285' title='bbox 1434 3569 1467 3621; x_wconf 89' lang='lat' dir='ltr'><strong>et</strong></span> <span class='ocrx_word' id='word_1_286' title='bbox 1489 3562 1625 3639; x_wconf 89' lang='lat' dir='ltr'><strong>animae,</strong></span> 
     </span>
     <span class='ocr_line' id='line_1_29' title="bbox 169 3660 1625 3747; baseline 0.004 -25"><span class='ocrx_word' id='word_1_287' title='bbox 169 3679 337 3742; x_wconf 89' lang='lat' dir='ltr'><strong>quemque</strong></span> <span class='ocrx_word' id='word_1_288' title='bbox 367 3671 484 3740; x_wconf 86' lang='lat' dir='ltr'><strong>postea</strong></span> <span class='ocrx_word' id='word_1_289' title='bbox 507 3681 665 3724; x_wconf 90' lang='lat' dir='ltr'><strong>censurae</strong></span> <span class='ocrx_word' id='word_1_290' title='bbox 689 3661 720 3723; x_wconf 85' lang='lat' dir='ltr'><strong>P.</strong></span> <span class='ocrx_word' id='word_1_291' title='bbox 744 3661 782 3724; x_wconf 90' lang='lat' dir='ltr'><strong>T.</strong></span> <span class='ocrx_word' id='word_1_292' title='bbox 807 3660 1019 3724; x_wconf 89' lang='lat' dir='ltr'><strong>subdideram</strong></span> <span class='ocrx_word' id='word_1_293' title='bbox 1044 3681 1171 3743; x_wconf 88' lang='lat' dir='ltr'><strong>rogans,</strong></span> <span class='ocrx_word' id='word_1_294' title='bbox 1205 3672 1241 3723; x_wconf 93' lang='lat' dir='ltr'><strong>ut</strong></span> <span class='ocrx_word' id='word_1_295' title='bbox 1272 3662 1419 3741; x_wconf 89' lang='lat' dir='ltr'><strong>perlecto</strong></span> <span class='ocrx_word' id='word_1_296' title='bbox 1450 3665 1505 3726; x_wconf 93' lang='lat' dir='ltr'><strong>illo</strong></span> <span class='ocrx_word' id='word_1_297' title='bbox 1540 3686 1625 3747; x_wconf 87' lang='lat' dir='ltr'><strong>quae</strong></span> 
     </span>
     <span class='ocr_line' id='line_1_30' title="bbox 169 3764 1625 3845; baseline 0.005 -19"><span class='ocrx_word' id='word_1_298' title='bbox 169 3764 375 3827; x_wconf 91' lang='lat' dir='ltr'><strong>immutanda</strong></span> <span class='ocrx_word' id='word_1_299' title='bbox 405 3764 455 3826; x_wconf 87' lang='lat' dir='ltr'><strong>vel</strong></span> <span class='ocrx_word' id='word_1_300' title='bbox 479 3765 686 3827; x_wconf 90' lang='lat' dir='ltr'><strong>emendanda</strong></span> <span class='ocrx_word' id='word_1_301' title='bbox 717 3776 834 3842; x_wconf 85' lang='lat' dir='ltr'><strong>essent,</strong></span> <span class='ocrx_word' id='word_1_302' title='bbox 864 3786 925 3845; x_wconf 94' lang='lat' dir='ltr'><strong>pro</strong></span> <span class='ocrx_word' id='word_1_303' title='bbox 954 3785 1014 3827; x_wconf 89' lang='lat' dir='ltr'><strong>sua</strong></span> <span class='ocrx_word' id='word_1_304' title='bbox 1037 3764 1210 3827; x_wconf 90' lang='lat' dir='ltr'><strong>multifaria</strong></span> <span class='ocrx_word' id='word_1_305' title='bbox 1239 3766 1387 3829; x_wconf 89' lang='lat' dir='ltr'><strong>doctrina</strong></span> <span class='ocrx_word' id='word_1_306' title='bbox 1417 3768 1569 3833; x_wconf 89' lang='lat' dir='ltr'><strong>obeliscis</strong></span> <span class='ocrx_word' id='word_1_307' title='bbox 1592 3782 1625 3834; x_wconf 90' lang='lat' dir='ltr'><strong>et</strong></span> 
     </span>
     <span class='ocr_line' id='line_1_31' title="bbox 170 3868 1664 3950; baseline 0.003 -19"><span class='ocrx_word' id='word_1_308' title='bbox 170 3870 336 3931; x_wconf 89' lang='lat' dir='ltr'><strong>asteriscis</strong></span> <span class='ocrx_word' id='word_1_309' title='bbox 366 3870 554 3950; x_wconf 86' lang='lat' dir='ltr'><strong>insignitum</strong></span> <span class='ocrx_word' id='word_1_310' title='bbox 586 3869 627 3930; x_wconf 91' lang='lat' dir='ltr'><strong>ad</strong></span> <span class='ocrx_word' id='word_1_311' title='bbox 652 3889 704 3931; x_wconf 95' lang='lat' dir='ltr'><strong>me</strong></span> <span class='ocrx_word' id='word_1_312' title='bbox 729 3870 916 3932; x_wconf 87' lang='lat' dir='ltr'><strong>remitteret.</strong></span> <span class='ocrx_word' id='word_1_313' title='bbox 940 3868 1050 3948; x_wconf 85' lang='lat' dir='ltr'><strong>Quam</strong></span> <span class='ocrx_word' id='word_1_314' title='bbox 1073 3870 1275 3949; x_wconf 86' lang='lat' dir='ltr'><strong>provinciam</strong></span> <span class='ocrx_word' id='word_1_315' title='bbox 1299 3891 1375 3933; x_wconf 91' lang='lat' dir='ltr'><strong>cum</strong></span> <span class='ocrx_word' id='word_1_316' title='bbox 1399 3873 1432 3935; x_wconf 91' lang='lat' dir='ltr'><strong>P.</strong></span> <span class='ocrx_word' id='word_1_317' title='bbox 1456 3872 1496 3935; x_wconf 88' lang='lat' dir='ltr'><strong>T.</strong></span> <span class='ocrx_word' id='word_1_318' title='bbox 1520 3876 1621 3938; x_wconf 92' lang='lat' dir='ltr'><strong>susci·</strong></span> <span class='ocrx_word' id='word_1_319' title='bbox 1638 3889 1664 3930; x_wconf 76' lang='lat'><strong>¹5</strong></span> 
     </span>
     <span class='ocr_line' id='line_1_32' title="bbox 171 3972 1624 4054; baseline 0.004 -19"><span class='ocrx_word' id='word_1_320' title='bbox 171 3993 252 4054; x_wconf 90' lang='lat' dir='ltr'><strong>pere</strong></span> <span class='ocrx_word' id='word_1_321' title='bbox 275 3974 441 4048; x_wconf 88' lang='lat' dir='ltr'><strong>renuisset,</strong></span> <span class='ocrx_word' id='word_1_322' title='bbox 465 3972 676 4054; x_wconf 89' lang='lat' dir='ltr'><strong>libellumque</strong></span> <span class='ocrx_word' id='word_1_323' title='bbox 699 3975 807 4053; x_wconf 87' lang='lat' dir='ltr'><strong>ipsum</strong></span> <span class='ocrx_word' id='word_1_324' title='bbox 826 3995 886 4054; x_wconf 91' lang='lat' dir='ltr'><strong>pro</strong></span> <span class='ocrx_word' id='word_1_325' title='bbox 903 3976 1010 4036; x_wconf 89' lang='lat' dir='ltr'><strong>suain</strong></span> <span class='ocrx_word' id='word_1_326' title='bbox 1027 3995 1079 4037; x_wconf 94' lang='lat' dir='ltr'><strong>me</strong></span> <span class='ocrx_word' id='word_1_327' title='bbox 1096 3975 1323 4037; x_wconf 90' lang='lat' dir='ltr'><strong>benevolentia</strong></span> <span class='ocrx_word' id='word_1_328' title='bbox 1347 3979 1519 4040; x_wconf 87' lang='lat' dir='ltr'><strong>remissum</strong></span> <span class='ocrx_word' id='word_1_329' title='bbox 1542 3999 1624 4042; x_wconf 90' lang='lat' dir='ltr'><strong>non·</strong></span> 
     </span>
     <span class='ocr_line' id='line_1_33' title="bbox 170 4077 1624 4164; baseline 0.005 -25"><span class='ocrx_word' id='word_1_330' title='bbox 170 4077 268 4139; x_wconf 89' lang='lat' dir='ltr'><strong>nullis</strong></span> <span class='ocrx_word' id='word_1_331' title='bbox 299 4077 434 4140; x_wconf 89' lang='lat' dir='ltr'><strong>laudum</strong></span> <span class='ocrx_word' id='word_1_332' title='bbox 466 4078 650 4156; x_wconf 85' lang='lat' dir='ltr'><strong>praeconiis</strong></span> <span class='ocrx_word' id='word_1_333' title='bbox 680 4079 861 4151; x_wconf 81' lang='lat' dir='ltr'><strong>extulisset,</strong></span> <span class='ocrx_word' id='word_1_334' title='bbox 891 4078 1069 4161; x_wconf 87' lang='lat' dir='ltr'><strong>intelligere</strong></span> <span class='ocrx_word' id='word_1_335' title='bbox 1100 4080 1175 4142; x_wconf 90' lang='lat' dir='ltr'><strong>inde</strong></span> <span class='ocrx_word' id='word_1_336' title='bbox 1199 4078 1285 4142; x_wconf 92' lang='lat' dir='ltr'><strong>aliud</strong></span> <span class='ocrx_word' id='word_1_337' title='bbox 1309 4100 1376 4142; x_wconf 90' lang='lat' dir='ltr'><strong>non</strong></span> <span class='ocrx_word' id='word_1_338' title='bbox 1399 4083 1500 4160; x_wconf 92' lang='lat' dir='ltr'><strong>potui,</strong></span> <span class='ocrx_word' id='word_1_339' title='bbox 1525 4103 1624 4164; x_wconf 79' lang='lat' dir='ltr'><strong>quam</strong></span> 
     </span>
     <span class='ocr_line' id='line_1_34' title="bbox 172 4181 1626 4264; baseline 0.004 -20"><span class='ocrx_word' id='word_1_340' title='bbox 172 4182 264 4264; x_wconf 91' lang='lat' dir='ltr'><strong>quod</strong></span> <span class='ocrx_word' id='word_1_341' title='bbox 281 4181 341 4253; x_wconf 86' lang='lat' dir='ltr'><strong>illa,</strong></span> <span class='ocrx_word' id='word_1_342' title='bbox 365 4181 605 4262; x_wconf 87' lang='lat' dir='ltr'><strong>qualiacunque</strong></span> <span class='ocrx_word' id='word_1_343' title='bbox 620 4191 705 4258; x_wconf 88' lang='lat' dir='ltr'><strong>sunt,</strong></span> <span class='ocrx_word' id='word_1_344' title='bbox 727 4184 868 4263; x_wconf 88' lang='lat' dir='ltr'><strong>probare</strong></span> <span class='ocrx_word' id='word_1_345' title='bbox 891 4184 1001 4264; x_wconf 92' lang='lat' dir='ltr'><strong>potius</strong></span> <span class='ocrx_word' id='word_1_346' title='bbox 1024 4202 1123 4263; x_wconf 90' lang='lat' dir='ltr'><strong>quam</strong></span> <span class='ocrx_word' id='word_1_347' title='bbox 1147 4183 1305 4245; x_wconf 89' lang='lat' dir='ltr'><strong>damnare</strong></span> <span class='ocrx_word' id='word_1_348' title='bbox 1328 4184 1393 4245; x_wconf 91' lang='lat' dir='ltr'><strong>visa</strong></span> <span class='ocrx_word' id='word_1_349' title='bbox 1417 4195 1475 4248; x_wconf 87' lang='lat' dir='ltr'><strong>est.</strong></span> <span class='ocrx_word' id='word_1_350' title='bbox 1499 4185 1626 4250; x_wconf 89' lang='lat' dir='ltr'><strong>Nolens</strong></span> 
     </span>
     <span class='ocr_line' id='line_1_35' title="bbox 171 4286 1626 4368; baseline 0.004 -20"><span class='ocrx_word' id='word_1_351' title='bbox 171 4297 283 4349; x_wconf 88' lang='lat' dir='ltr'><strong>autem</strong></span> <span class='ocrx_word' id='word_1_352' title='bbox 314 4286 391 4347; x_wconf 94' lang='lat' dir='ltr'><strong>mihi</strong></span> <span class='ocrx_word' id='word_1_353' title='bbox 421 4287 464 4348; x_wconf 91' lang='lat' dir='ltr'><strong>de</strong></span> <span class='ocrx_word' id='word_1_354' title='bbox 496 4306 548 4348; x_wconf 91' lang='lat' dir='ltr'><strong>me</strong></span> <span class='ocrx_word' id='word_1_355' title='bbox 580 4288 611 4348; x_wconf 88' lang='lat' dir='ltr'><strong>in</strong></span> <span class='ocrx_word' id='word_1_356' title='bbox 643 4286 704 4348; x_wconf 89' lang='lat' dir='ltr'><strong>hac</strong></span> <span class='ocrx_word' id='word_1_357' title='bbox 736 4307 834 4349; x_wconf 88' lang='lat' dir='ltr'><strong>causa</strong></span> <span class='ocrx_word' id='word_1_358' title='bbox 866 4287 940 4367; x_wconf 91' lang='lat' dir='ltr'><strong>plus</strong></span> <span class='ocrx_word' id='word_1_359' title='bbox 972 4306 1071 4368; x_wconf 89' lang='lat' dir='ltr'><strong>quam</strong></span> <span class='ocrx_word' id='word_1_360' title='bbox 1094 4287 1327 4350; x_wconf 87' lang='lat' dir='ltr'><strong>eruditioribus</strong></span> <span class='ocrx_word' id='word_1_361' title='bbox 1354 4289 1467 4352; x_wconf 89' lang='lat' dir='ltr'><strong>amicis</strong></span> <span class='ocrx_word' id='word_1_362' title='bbox 1491 4290 1626 4354; x_wconf 91' lang='lat' dir='ltr'><strong>credere</strong></span> 
     </span>
     <span class='ocr_line' id='line_1_36' title="bbox 172 4390 1667 4471; baseline 0 -18"><span class='ocrx_word' id='word_1_363' title='bbox 172 4394 303 4465; x_wconf 90' lang='lat' dir='ltr'><strong>(omnes</strong></span> <span class='ocrx_word' id='word_1_364' title='bbox 333 4390 420 4452; x_wconf 90' lang='lat' dir='ltr'><strong>enim</strong></span> <span class='ocrx_word' id='word_1_365' title='bbox 450 4392 561 4453; x_wconf 91' lang='lat' dir='ltr'><strong>nescio</strong></span> <span class='ocrx_word' id='word_1_366' title='bbox 586 4391 706 4471; x_wconf 92' lang='lat' dir='ltr'><strong>quibus</strong></span> <span class='ocrx_word' id='word_1_367' title='bbox 730 4391 905 4471; x_wconf 91' lang='lat' dir='ltr'><strong>philautiae</strong></span> <span class='ocrx_word' id='word_1_368' title='bbox 928 4391 1090 4454; x_wconf 91' lang='lat' dir='ltr'><strong>blanditiis</strong></span> <span class='ocrx_word' id='word_1_369' title='bbox 1113 4390 1242 4454; x_wconf 88' lang='lat' dir='ltr'><strong>seducti</strong></span> <span class='ocrx_word' id='word_1_370' title='bbox 1273 4393 1317 4454; x_wconf 87' lang='lat' dir='ltr'><strong>ita</strong></span> <span class='ocrx_word' id='word_1_371' title='bbox 1340 4404 1453 4456; x_wconf 92' lang='lat' dir='ltr'><strong>nostra</strong></span> <span class='ocrx_word' id='word_1_372' title='bbox 1475 4410 1667 4460; x_wconf 76' lang='lat' dir='ltr'><strong>amamusso</strong></span> 
     </span>
     <span class='ocr_line' id='line_1_37' title="bbox 172 4494 1627 4581; baseline 0.004 -23"><span class='ocrx_word' id='word_1_373' title='bbox 172 4496 301 4577; x_wconf 89' lang='lat' dir='ltr'><strong>illisque</strong></span> <span class='ocrx_word' id='word_1_374' title='bbox 331 4494 486 4571; x_wconf 82' lang='lat' dir='ltr'><strong>lavemus,</strong></span> <span class='ocrx_word' id='word_1_375' title='bbox 517 4504 553 4557; x_wconf 87' lang='lat' dir='ltr'><strong>ut</strong></span> <span class='ocrx_word' id='word_1_376' title='bbox 583 4496 800 4558; x_wconf 84' lang='lat' dir='ltr'><strong>sincerissima</strong></span> <span class='ocrx_word' id='word_1_377' title='bbox 832 4506 864 4559; x_wconf 91' lang='lat' dir='ltr'><strong>et</strong></span> <span class='ocrx_word' id='word_1_378' title='bbox 894 4495 1138 4558; x_wconf 90' lang='lat' dir='ltr'><strong>absolutissima</strong></span> <span class='ocrx_word' id='word_1_379' title='bbox 1170 4497 1278 4558; x_wconf 90' lang='lat' dir='ltr'><strong>omnia</strong></span> <span class='ocrx_word' id='word_1_380' title='bbox 1312 4498 1531 4581; x_wconf 84' lang='lat' dir='ltr'><strong>confidamus)</strong></span> <span class='ocrx_word' id='word_1_381' title='bbox 1554 4502 1627 4564; x_wconf 90' lang='lat' dir='ltr'><strong>misi</strong></span> 
     </span>
     <span class='ocr_line' id='line_1_38' title="bbox 172 4598 1627 4685; baseline 0.003 -22"><span class='ocrx_word' id='word_1_382' title='bbox 172 4609 394 4663; x_wconf 90' lang='lat' dir='ltr'><strong>memoratum</strong></span> <span class='ocrx_word' id='word_1_383' title='bbox 419 4598 563 4661; x_wconf 90' lang='lat' dir='ltr'><strong>libellum</strong></span> <span class='ocrx_word' id='word_1_384' title='bbox 589 4602 895 4681; x_wconf 86' lang='lat' dir='ltr'><strong>recognoscendum</strong></span> <span class='ocrx_word' id='word_1_385' title='bbox 926 4612 957 4664; x_wconf 89' lang='lat' dir='ltr'><strong>et</strong></span> <span class='ocrx_word' id='word_1_386' title='bbox 981 4600 1226 4663; x_wconf 90' lang='lat' dir='ltr'><strong>emendandum</strong></span> <span class='ocrx_word' id='word_1_387' title='bbox 1259 4601 1432 4683; x_wconf 86' lang='lat' dir='ltr'><strong>magnifico</strong></span> <span class='ocrx_word' id='word_1_388' title='bbox 1458 4605 1627 4685; x_wconf 91' lang='lat' dir='ltr'><strong>quondam</strong></span> 
     </span>
     <span class='ocr_line' id='line_1_39' title="bbox 173 4703 1628 4790; baseline 0.002 -22"><span class='ocrx_word' id='word_1_389' title='bbox 173 4707 244 4768; x_wconf 91' lang='lat' dir='ltr'><strong>viro</strong></span> <span class='ocrx_word' id='word_1_390' title='bbox 277 4703 442 4767; x_wconf 80' lang='lat' dir='ltr'><strong>liohuslao</strong></span> <span class='ocrx_word' id='word_1_391' title='bbox 473 4725 516 4765; x_wconf 85' lang='lat' dir='ltr'><strong>ex</strong></span> <span class='ocrx_word' id='word_1_392' title='bbox 547 4703 755 4781; x_wconf 88' lang='lat' dir='ltr'><strong>Lobkowicz,</strong></span> <span class='ocrx_word' id='word_1_393' title='bbox 786 4707 900 4767; x_wconf 90' lang='lat' dir='ltr'><strong>baroni</strong></span> <span class='ocrx_word' id='word_1_394' title='bbox 931 4726 975 4767; x_wconf 85' lang='lat' dir='ltr'><strong>ex</strong></span> <span class='ocrx_word' id='word_1_395' title='bbox 1007 4706 1192 4783; x_wconf 84' lang='lat' dir='ltr'><strong>Hasisteyn,</strong></span> <span class='ocrx_word' id='word_1_396' title='bbox 1222 4706 1329 4768; x_wconf 91' lang='lat' dir='ltr'><strong>amico</strong></span> <span class='ocrx_word' id='word_1_397' title='bbox 1360 4726 1435 4769; x_wconf 89' lang='lat' dir='ltr'><strong>meo</strong></span> <span class='ocrx_word' id='word_1_398' title='bbox 1466 4709 1628 4790; x_wconf 81' lang='lat' dir='ltr'><strong>singulari,</strong></span> 
     </span>
     <span class='ocr_line' id='line_1_40' title="bbox 175 4807 1628 4893; baseline 0.003 -21"><span class='ocrx_word' id='word_1_399' title='bbox 175 4811 231 4891; x_wconf 93' lang='lat' dir='ltr'><strong>qui</strong></span> <span class='ocrx_word' id='word_1_400' title='bbox 253 4809 312 4872; x_wconf 88' lang='lat' dir='ltr'><strong>fuit</strong></span> <span class='ocrx_word' id='word_1_401' title='bbox 336 4809 383 4870; x_wconf 92' lang='lat' dir='ltr'><strong>vir</strong></span> <span class='ocrx_word' id='word_1_402' title='bbox 407 4807 556 4887; x_wconf 88' lang='lat' dir='ltr'><strong>profecto</strong></span> <span class='ocrx_word' id='word_1_403' title='bbox 579 4811 663 4870; x_wconf 91' lang='lat' dir='ltr'><strong>acris</strong></span> <span class='ocrx_word' id='word_1_404' title='bbox 696 4810 811 4892; x_wconf 86' lang='lat' dir='ltr'><strong>ingenii</strong></span> <span class='ocrx_word' id='word_1_405' title='bbox 835 4820 1076 4891; x_wconf 89' lang='lat' dir='ltr'><strong>emunctaeque</strong></span> <span class='ocrx_word' id='word_1_406' title='bbox 1098 4811 1193 4884; x_wconf 77' lang='lat' dir='ltr'><strong>nariS,</strong></span> <span class='ocrx_word' id='word_1_407' title='bbox 1224 4812 1383 4874; x_wconf 90' lang='lat' dir='ltr'><strong>memoria</strong></span> <span class='ocrx_word' id='word_1_408' title='bbox 1413 4813 1546 4893; x_wconf 89' lang='lat' dir='ltr'><strong>iusuper</strong></span> <span class='ocrx_word' id='word_1_409' title='bbox 1569 4814 1628 4876; x_wconf 90' lang='lat' dir='ltr'><strong>ad-</strong></span> 
     </span>
     <span class='ocr_line' id='line_1_41' title="bbox 175 4912 1668 4996; baseline 0.002 -19"><span class='ocrx_word' id='word_1_410' title='bbox 175 4913 322 4990; x_wconf 87' lang='lat' dir='ltr'><strong>mirabili,</strong></span> <span class='ocrx_word' id='word_1_411' title='bbox 353 4912 503 4975; x_wconf 85' lang='lat' dir='ltr'><strong>facundia</strong></span> <span class='ocrx_word' id='word_1_412' title='bbox 533 4914 644 4990; x_wconf 90' lang='lat' dir='ltr'><strong>ubere,</strong></span> <span class='ocrx_word' id='word_1_413' title='bbox 675 4915 742 4976; x_wconf 88' lang='lat' dir='ltr'><strong>sive</strong></span> <span class='ocrx_word' id='word_1_414' title='bbox 772 4917 850 4996; x_wconf 90' lang='lat' dir='ltr'><strong>quid</strong></span> <span class='ocrx_word' id='word_1_415' title='bbox 881 4917 1025 4978; x_wconf 90' lang='lat' dir='ltr'><strong>carmine</strong></span> <span class='ocrx_word' id='word_1_416' title='bbox 1055 4917 1122 4976; x_wconf 86' lang='lat' dir='ltr'><strong>sive</strong></span> <span class='ocrx_word' id='word_1_417' title='bbox 1146 4914 1254 4977; x_wconf 89' lang='lat' dir='ltr'><strong>soluta</strong></span> <span class='ocrx_word' id='word_1_418' title='bbox 1277 4917 1426 4979; x_wconf 88' lang='lat' dir='ltr'><strong>oratione</strong></span> <span class='ocrx_word' id='word_1_419' title='bbox 1449 4917 1668 4980; x_wconf 65' lang='lat' dir='ltr'><strong>dicendumar</strong></span> 
     </span>
     <span class='ocr_line' id='line_1_42' title="bbox 175 5016 1629 5103; baseline 0.001 -21"><span class='ocrx_word' id='word_1_420' title='bbox 175 5017 429 5082; x_wconf 88' lang='lat' dir='ltr'><strong>scribendumve</strong></span> <span class='ocrx_word' id='word_1_421' title='bbox 458 5016 587 5094; x_wconf 84' lang='lat' dir='ltr'><strong>fuisset;</strong></span> <span class='ocrx_word' id='word_1_422' title='bbox 620 5019 712 5080; x_wconf 89' lang='lat' dir='ltr'><strong>cuius</strong></span> <span class='ocrx_word' id='word_1_423' title='bbox 743 5021 788 5081; x_wconf 91' lang='lat' dir='ltr'><strong>rei</strong></span> <span class='ocrx_word' id='word_1_424' title='bbox 819 5021 845 5081; x_wconf 89' lang='lat' dir='ltr'><strong>si</strong></span> <span class='ocrx_word' id='word_1_425' title='bbox 874 5021 947 5100; x_wconf 92' lang='lat' dir='ltr'><strong>quis</strong></span> <span class='ocrx_word' id='word_1_426' title='bbox 974 5042 993 5081; x_wconf 89' lang='lat' dir='ltr'><strong>a</strong></span> <span class='ocrx_word' id='word_1_427' title='bbox 1025 5039 1077 5082; x_wconf 92' lang='lat' dir='ltr'><strong>me</strong></span> <span class='ocrx_word' id='word_1_428' title='bbox 1106 5020 1331 5081; x_wconf 87' lang='lat' dir='ltr'><strong>testimonium</strong></span> <span class='ocrx_word' id='word_1_429' title='bbox 1361 5022 1469 5103; x_wconf 84' lang='lat' dir='ltr'><strong>exigit,</strong></span> <span class='ocrx_word' id='word_1_430' title='bbox 1502 5021 1573 5084; x_wconf 88' lang='lat' dir='ltr'><strong>libri</strong></span> <span class='ocrx_word' id='word_1_431' title='bbox 1597 5023 1629 5084; x_wconf 94' lang='lat' dir='ltr'><strong>id</strong></span> 
     </span>
     <span class='ocr_line' id='line_1_43' title="bbox 176 5121 1632 5205; baseline 0.003 -19"><span class='ocrx_word' id='word_1_432' title='bbox 176 5124 247 5186; x_wconf 91' lang='lat' dir='ltr'><strong>eius</strong></span> <span class='ocrx_word' id='word_1_433' title='bbox 277 5121 417 5204; x_wconf 92' lang='lat' dir='ltr'><strong>plurimi,</strong></span> <span class='ocrx_word' id='word_1_434' title='bbox 447 5131 514 5183; x_wconf 89' lang='lat' dir='ltr'><strong>tam</strong></span> <span class='ocrx_word' id='word_1_435' title='bbox 544 5122 651 5184; x_wconf 90' lang='lat' dir='ltr'><strong>soluta</strong></span> <span class='ocrx_word' id='word_1_436' title='bbox 682 5125 830 5186; x_wconf 91' lang='lat' dir='ltr'><strong>oratione</strong></span> <span class='ocrx_word' id='word_1_437' title='bbox 864 5144 964 5205; x_wconf 89' lang='lat' dir='ltr'><strong>quam</strong></span> <span class='ocrx_word' id='word_1_438' title='bbox 995 5124 1092 5186; x_wconf 90' lang='lat' dir='ltr'><strong>etiam</strong></span> <span class='ocrx_word' id='word_1_439' title='bbox 1125 5125 1268 5186; x_wconf 91' lang='lat' dir='ltr'><strong>carmine</strong></span> <span class='ocrx_word' id='word_1_440' title='bbox 1291 5125 1402 5205; x_wconf 90' lang='lat' dir='ltr'><strong>scripti</strong></span> <span class='ocrx_word' id='word_1_441' title='bbox 1426 5126 1632 5190; x_wconf 89' lang='lat' dir='ltr'><strong>demonstra-</strong></span> 
     </span>
    </p>
   </div>
   <div class='ocr_carea' id='block_1_8' title="bbox 266 5329 1292 5404">
    <p class='ocr_par' dir='ltr' id='par_1_8' title="bbox 266 5329 1292 5404">
     <span class='ocr_line' id='line_1_44' title="bbox 266 5329 1292 5404; baseline -0.004 -18"><span class='ocrx_word' id='word_1_442' title='bbox 266 5335 286 5404; x_wconf 86' lang='lat'><strong>¹)</strong></span> <span class='ocrx_word' id='word_1_443' title='bbox 307 5333 444 5402; x_wconf 71' lang='lat' dir='ltr'><strong>Spravnil:</strong></span> <span class='ocrx_word' id='word_1_444' title='bbox 464 5332 530 5401; x_wconf 79' lang='lat' dir='ltr'><strong>pled</strong></span> <span class='ocrx_word' id='word_1_445' title='bbox 550 5331 584 5382; x_wconf 78' lang='lat'><strong>22</strong></span> <span class='ocrx_word' id='word_1_446' title='bbox 604 5332 659 5400; x_wconf 89' lang='lat' dir='ltr'><strong>lety</strong></span> <span class='ocrx_word' id='word_1_447' title='bbox 679 5332 782 5400; x_wconf 87' lang='lat' dir='ltr'><strong>(srovn.</strong></span> <span class='ocrx_word' id='word_1_448' title='bbox 803 5329 857 5398; x_wconf 78' lang='lat' dir='ltr'><strong>mbj</strong></span> <span class='ocrx_word' id='word_1_449' title='bbox 878 5331 1080 5384; x_wconf 88' lang='lat' dir='ltr'><strong>Humanismus</strong></span> <span class='ocrx_word' id='word_1_450' title='bbox 1099 5338 1145 5384; x_wconf 90' lang='lat' dir='ltr'><strong>str.</strong></span> <span class='ocrx_word' id='word_1_451' title='bbox 1165 5329 1200 5381; x_wconf 73' lang='lat'><strong>98</strong></span> <span class='ocrx_word' id='word_1_452' title='bbox 1217 5347 1234 5383; x_wconf 85' lang='lat' dir='ltr'><strong>a</strong></span> <span class='ocrx_word' id='word_1_453' title='bbox 1253 5340 1292 5389; x_wconf 88' lang='lat' dir='ltr'><strong>n.)</strong></span> 
     </span>
    </p>
   </div>
   <div class='ocr_carea' id='block_1_9' title="bbox 0 0 1855 5858">
    <p class='ocr_par' dir='ltr' id='par_1_9' title="bbox 0 0 1855 5858">
     <span class='ocr_line' id='line_1_45' title="bbox 0 0 1855 5858; baseline 0 0"><span class='ocrx_word' id='word_1_454' title='bbox 0 0 1855 5858; x_wconf 95' lang='lat' dir='ltr'><strong> </strong></span> 
     </span>
    </p>
   </div>
  </div>
 </body>
</html>
