3674 5858
202 397 237 449 42
695 395 747 466 Jan
764 382 878 450 Slechta
895 396 1059 450 Piseclremu
1082 393 1161 449 1507.

203 609 341 671 lectione
365 625 518 690 magnam
540 606 706 687 quandam
729 609 913 689 percepisse
928 608 1136 688 voluptatem,
1159 606 1295 670 laudans
1316 626 1372 669 eas
1389 610 1431 671 ab
1447 608 1606 692 elegantia
1627 622 1659 673 et

205 714 368 796 gravitate,
397 725 552 792 tanquam
584 716 614 772 in
645 713 690 775 eis
718 713 781 774 tale
813 713 932 793 aliquid
963 713 1146 775 offenderis.
1192 712 1256 775 Ubi
1285 731 1337 774 me
1367 715 1517 776 nimirum
1541 714 1660 776 irrideri

204 829 361 896 putarem,
385 817 443 878 nisi
467 817 747 896 persuasissimum
770 817 925 879 haberem
956 817 1019 879 falli
1049 828 1081 878 te
1104 816 1264 879 duntaxat
1287 835 1399 878 amore
1420 818 1531 891 nimio,
1563 837 1661 899 quem

203 920 307 983 Solere
329 923 373 982 ait
395 919 485 981 Plato
508 920 540 980 in
564 920 687 982 iudiciis
709 923 878 983 caecutire.
916 920 970 982 Me
993 932 1111 994 autem,
1136 931 1170 982 ut
1193 939 1304 982 verum
1328 919 1438 999 fatear,
1467 921 1568 1005 longe
1589 923 1663 1005 plus

178 1024 354 1100 fidelectat,
377 1024 466 1105 quod
490 1022 539 1087 vel
561 1023 721 1107 Gregorio
746 1024 865 1104 Hruby
895 1025 944 1086 vel
967 1026 1082 1107 quovis
1104 1023 1166 1086 alio
1189 1024 1390 1088 stimulatore
1420 1044 1498 1088 usus
1531 1026 1662 1088 foedam

205 1141 236 1192 et
260 1128 428 1191 sordidam
451 1129 663 1191 barbaromm
686 1128 901 1191 colluvionem
925 1131 1064 1192 evaseris
1087 1138 1119 1190 et
1135 1129 1308 1209 reliqueris,
1332 1130 1363 1190 in
1378 1148 1444 1210 qua
1458 1129 1558 1193 hodie
1572 1130 1663 1194 multi

205 1237 302 1295 etiam
326 1233 435 1295 dedita
459 1252 559 1313 opera
590 1251 657 1295 non
679 1252 774 1296 secus
802 1252 841 1295 ac
870 1232 1016 1296 lutulenti
1050 1253 1124 1295 sues
1147 1234 1178 1295 in
1202 1251 1307 1296 coeno
1330 1244 1362 1295 et
1385 1233 1558 1297 volutabro
1582 1253 1664 1298 mer·

205 1349 326 1410 santur,
349 1348 381 1400 et
403 1337 563 1400 contulisti
587 1346 619 1399 te
648 1336 692 1399 ad
715 1349 801 1400 artes
831 1348 862 1400 et
892 1337 1077 1417 disciplinas
1107 1339 1322 1409 humaniores,
1352 1357 1418 1419 quo
1443 1338 1663 1421 eloquentiam

205 1461 279 1505 cum
303 1441 481 1504 eruditione
504 1444 724 1525 coniungeres.
749 1442 860 1503 Mutus
876 1461 995 1523 nempe
1010 1461 1098 1504 esses
1114 1441 1267 1504 habendo
1283 1445 1381 1504 etiarn
1397 1462 1664 1525 quarumcunque

172 1560 196 1602 ru
210 1547 427 1628 cognitionem
450 1548 663 1622 scientiarum,
688 1548 746 1608 nisi
769 1565 825 1607 eas
847 1547 945 1608 scires
969 1545 1086 1608 florido
1109 1556 1141 1607 et
1165 1558 1280 1609 omato
1296 1546 1423 1609 dicendi
1447 1557 1480 1610 et
1503 1546 1664 1609 scribendi

205 1651 308 1712 nitore
340 1649 504 1712 illustrare.
550 1650 644 1712 Docti
678 1654 763 1712 enim
797 1669 895 1730 saepe
917 1653 1119 1730 reperiuntur
1153 1649 1253 1723 multi,
1288 1651 1346 1713 sed
1369 1653 1424 1731 qui
1445 1651 1533 1713 idem
1557 1663 1590 1713 et
1620 1653 1664 1712 in·

205 1757 301 1837 genio
339 1753 457 1834 polleat
481 1765 513 1817 et
546 1755 684 1834 eloquio,
714 1775 828 1819 eorum
852 1765 901 1817 est
925 1758 954 1817 in
979 1774 1114 1817 numero
1138 1754 1358 1829 collocandus
1388 1774 1527 1836 quorum
1552 1756 1666 1817 raritas

205 1877 277 1919 cum
309 1859 466 1936 phoenice
496 1871 709 1938 comparatur.
754 1860 878 1921 Floruit
912 1860 1096 1940 eloquentia
1127 1859 1375 1935 Demosthenes,
1409 1862 1490 1922 inter
1519 1857 1665 1923 Graecos

204 1963 294 2024 facile
317 1964 475 2041 princeps,
499 1963 557 2025 sed
581 1963 667 2025 idem
691 1965 750 2027 fuit
772 1966 900 2046 ingenio
923 1965 1078 2027 tardiore:
1112 1966 1241 2045 ingenio
1271 1962 1437 2025 Demades
1459 1963 1573 2025 claruit
1596 1962 1665 2042 plu·

168 2076 197 2119 ¹5
213 2069 338 2141 rimum,
362 2086 428 2146 quo
451 2067 551 2130 fretus
573 2066 815 2130 dissertissimus
843 2088 885 2129 ex
908 2081 1057 2148 tempore
1080 2069 1263 2142 videbatur;
1293 2086 1405 2129 verum
1436 2067 1557 2130 idcirco
1580 2067 1666 2130 nulla

205 2172 273 2233 eius
296 2174 417 2252 scripta
439 2183 561 2247 extant,
584 2175 737 2253 quoniam
762 2173 966 2253 eloquentiae
996 2175 1060 2233 vim
1091 2172 1366 2253 splendoremque
1388 2174 1536 2235 intimum
1560 2175 1667 2235 minus

206 2285 344 2353 saperet.
388 2273 470 2339 Sunt
501 2287 620 2353 autem,
653 2275 744 2357 quod
775 2287 807 2339 te
829 2279 977 2359 ignorare
1007 2295 1074 2338 non
1105 2276 1250 2354 arbitror,
1284 2278 1314 2337 in
1338 2277 1426 2337 omni
1449 2295 1493 2353 re,
1522 2286 1594 2337 tum
1617 2275 1666 2336 vel

205 2381 349 2460 inprimis
380 2380 627 2460 ineloquentia,
658 2383 724 2455 tria,
756 2400 841 2463 quae
871 2382 988 2461 requiri
1012 2381 1132 2444 solent:
1165 2381 1337 2461 ingenium,
1367 2380 1513 2442 doctrina
1535 2390 1568 2441 et
1594 2378 1665 2441 dili·

206 2485 322 2564 gemla,
357 2484 475 2562 quibus
505 2487 583 2564 ipsis
613 2487 668 2565 qui
699 2485 790 2560 valet,
824 2503 889 2546 non
921 2484 1006 2547 hunc
1035 2504 1100 2547 non
1133 2503 1268 2564 possum
1298 2485 1503 2565 eloquentiae
1533 2482 1665 2547 laudem

167 2601 194 2643 uu
208 2598 418 2668 assequutum
442 2590 636 2650 existimare.
660 2588 781 2651 Habita
804 2592 891 2651 enim
914 2589 1084 2672 diligentia.
1110 2608 1193 2670 quae
1216 2590 1358 2651 maxime
1380 2591 1412 2650 in
1435 2589 1666 2650 exercitatione

208 2694 362 2765 consistit,
390 2692 467 2755 nihil
498 2693 593 2755 nobis
621 2693 662 2754 ad
693 2695 808 2772 optimi
846 2696 982 2756 oratoris
1013 2695 1248 2757 institutionem
1282 2694 1466 2756 defuturum
1497 2703 1666 2773 putarem3

205 2816 282 2858 uam
315 2815 422 2876 neque
453 2796 663 2860 Demostheni
696 2816 803 2876 neque
837 2794 982 2859 Ciceroni
1016 2807 1129 2860 nostro
1160 2799 1269 2859 omnia
1302 2797 1497 2860 adminicula
1530 2808 1667 2858 naturae

206 2902 340 2978 fuerunt,
362 2900 420 2962 sed
443 2902 513 2964 sola
535 2921 594 2963 eos
616 2921 691 2964 curn
714 2902 945 2964 exercitatione
968 2902 1132 2983 diligentia
1156 2902 1310 2980 perfecit·
1334 2901 1439 2963 Probe
1460 2902 1559 2983 igitur
1582 2899 1667 2974 facis,

206 3005 294 3085 quod
318 3005 438 3069 nullam
461 3007 617 3068 maiorem
633 3009 879 3087 suavioremque
894 3007 1095 3086 voluptatem
1110 3006 1201 3068 ducis
1216 3007 1283 3068 otio
1300 3016 1332 3067 et
1347 3004 1503 3066 exercitio
1518 3004 1667 3066 literario.

172 3109 285 3172 ostie
313 3120 344 3171 ie
374 3112 462 3172 enirn
485 3108 710 3173 Aristotelicae
741 3114 807 3172 sive
837 3110 1019 3172 Platonicae
1052 3111 1190 3172 familiae
1218 3111 1412 3182 adiunxeris,
1440 3107 1483 3169 nil
1513 3107 1668 3182 obstabit,

208 3214 391 3278 dummodo
414 3234 453 3276 ea
476 3233 520 3275 ex
543 3215 651 3277 multis
673 3216 772 3299 eligas
788 3228 819 3277 et
835 3214 1047 3294 amplectaris,
1071 3233 1156 3295 quae
1172 3215 1312 3290 meliora,
1335 3214 1465 3287 veriora,
1489 3212 1666 3283 stabiliora,

208 3320 343 3381 certiora
366 3328 397 3381 et
420 3319 609 3399 probatiora
632 3338 809 3401 cognosces
832 3338 870 3380 ac
893 3319 1056 3380 iudicabis.
1083 3317 1200 3398 Neque
1223 3327 1255 3379 te
1278 3327 1397 3392 tamen,
1420 3326 1455 3378 ut
1478 3317 1600 3394 scribis,
1623 3318 1666 3377 ita

206 3435 293 3484 arcte
323 3424 549 3504 peripateticae
579 3434 685 3486 sectae
717 3443 789 3485 esse
818 3424 985 3485 addictum
1017 3422 1119 3496 velim,
1150 3434 1185 3484 ut
1209 3432 1332 3484 ceteras
1362 3420 1507 3504 negligas
1531 3432 1565 3483 et
1588 3439 1666 3482 con·

208 3539 342 3589 temnas.
368 3526 442 3589 Non
458 3529 544 3590 enim
560 3547 694 3608 possum
709 3530 849 3609 probare
865 3527 952 3589 illum
969 3546 1104 3597 morem,
1129 3528 1183 3606 qui
1202 3524 1289 3606 apud
1305 3523 1467 3606 quosdam
1482 3527 1667 3587 neotericos

167 3644 195 3684 ³⁰
209 3633 285 3692 satis
307 3631 457 3711 frequens
480 3643 512 3693 et
535 3634 670 3695 usitatus
691 3633 821 3696 inolevit
844 3634 876 3693 in
899 3631 1059 3693 initiandis
1074 3629 1246 3709 discipulis,
1270 3648 1370 3712 quum
1386 3648 1443 3692 eos
1458 3629 1666 3691 iureiurando

209 3735 340 3816 adigunt
363 3754 529 3817 nunquam
552 3755 587 3798 se
610 3734 774 3799 Aristoteli
799 3748 1042 3818 repugnaturos,
1072 3753 1176 3817 genus
1202 3734 1369 3796 hominum
1401 3745 1488 3796 certe
1510 3734 1665 3813 supersti-

207 3842 327 3900 tiosum
350 3848 448 3920 atque
471 3859 581 3902 vecors
604 3851 636 3903 et
659 3841 701 3903 de
723 3859 758 3904 se
781 3842 852 3920 ipso
876 3838 960 3903 male
983 3841 1141 3915 meritum,
1163 3857 1266 3920 quum
1289 3858 1324 3900 se
1346 3838 1498 3901 facultate
1517 3837 1667 3900 fraudent

207 3942 411 4025 indagandae
433 3945 583 4007 veritatis.
607 3943 701 4023 Quos
723 3947 748 4005 si
772 3944 1005 4024 reprehendere
1028 3945 1094 4006 iure
1117 3946 1240 4024 optimo
1264 3960 1446 4022 possumus,
1469 3940 1560 4024 quod
1583 3941 1668 4004 hanc

209 4048 269 4107 sihi
300 4048 403 4126 legem
434 4049 667 4127 imposuerunt,
698 4066 762 4128 qua
785 4059 895 4110 tamen
925 4049 1134 4130 castigatione
1157 4049 1303 4110 insectari
1333 4046 1500 4127 debemus,
1532 4048 1558 4107 si
1582 4046 1667 4107 hanc

169 4150 314 4233 plegem
339 4152 370 4212 in
394 4151 473 4213 alios
495 4151 708 4215 transferunt?
730 4151 848 4214 Nonne
870 4151 1126 4232 Theophrastus
1152 4151 1333 4214 Aristotelis
1355 4150 1530 4229 discipulus
1546 4159 1578 4211 et
1594 4168 1667 4211 suc·

210 4273 326 4327 cessor,
349 4274 368 4315 a
392 4266 601 4335 praeceptore
628 4276 688 4318 suo
716 4257 749 4317 in
772 4257 879 4318 multis
902 4254 1068 4318 dissentire
1090 4275 1157 4317 non
1187 4255 1298 4318 timide
1328 4253 1426 4317 solet?
1462 4252 1552 4333 Quid
1574 4251 1667 4334 quod

210 4356 322 4419 Graeci
347 4357 537 4436 Homerum,
561 4359 728 4422 Platonem
750 4372 781 4421 et
805 4359 1060 4421 Demosthenem
1083 4362 1184 4442 magis
1199 4379 1297 4441 quam
1313 4357 1522 4421 Aristotelem
1537 4376 1668 4437 semper

210 4475 284 4524 sunt
307 4462 475 4525 admirati?
497 4463 584 4544 Quid
607 4463 733 4527 Latini?
756 4464 843 4527 Num
865 4464 995 4526 Marcus
1018 4462 1133 4536 Varro,
1160 4462 1349 4526 Latinorum
1374 4464 1520 4525 omnium
1545 4463 1668 4526 doctis·

210 4567 309 4627 simus
333 4579 365 4628 et
388 4566 585 4630 Graecorum
611 4569 737 4631 inferior
760 4570 896 4639 nemine,
917 4567 1139 4630 Aristotelicus
1155 4565 1230 4629 fuit?
1254 4565 1395 4642 Minime,
1419 4565 1478 4628 sed
1494 4569 1553 4628 iter
1568 4587 1668 4630 suurn

174 4674 320 4745 wtenuit,
344 4671 370 4732 si
394 4669 562 4734 Lactantio
578 4673 748 4734 credimus.
771 4671 918 4744 Duobus
944 4671 1067 4734 Platoni
1091 4682 1123 4733 et
1146 4669 1321 4746 Aristoteli,
1344 4689 1402 4749 par
1419 4665 1533 4731 Cicero
1549 4670 1668 4733 acade-

212 4777 313 4836 micus
335 4795 374 4836 ac
396 4775 538 4838 Platonis
559 4777 715 4849 aemulus
745 4779 800 4856 qui
824 4794 952 4855 semper
975 4778 1092 4855 primas
1123 4779 1154 4837 in
1181 4774 1386 4855 philosophia
1409 4784 1517 4853 partes
1541 4773 1668 4838 Platoni

212 4880 328 4951 tribuit,
360 4890 395 4942 ut
424 4878 489 4941 fere
513 4900 627 4941 omnes
649 4882 801 4942 fecerunt.
845 4879 987 4941 Plancus
1017 4881 1132 4957 partim
1163 4876 1302 4954 Stoicus,
1332 4879 1447 4956 partim
1476 4876 1670 4956 Epicureus,

213 4980 328 5043 Brutus
351 5002 388 5043 ac
411 4981 535 5045 Seneca
558 4983 665 5056 Stoici,
689 5002 787 5063 quam
810 4997 930 5045 sectam
956 4983 1175 5060 Hieronymus
1191 4993 1301 5043 censet
1318 4981 1507 5042 christianae
1523 4981 1671 5064 religioni

213 5082 439 5166 (proximam),
453 5085 476 5169 ¹)
501 5091 590 5150 cuius
615 5101 784 5167 praecepta
808 5089 972 5150 tradentes
997 5087 1182 5148 Panaetium
1200 5099 1298 5165 atque
1314 5084 1504 5147 Ciceronem
1521 5084 1670 5149 Ambro-

299 5202 505 5305 bt‘ilo‘stovo
524 5240 665 5307 plidfrvftm
685 5241 902 5308 ltonjekturftlne.
923 5240 1010 5293 Zneuf
1030 5240 1093 5293 listu
1112 5241 1163 5292 zdft
1183 5258 1212 5293 se
1232 5239 1290 5308 byti
1311 5257 1346 5292 na
1364 5247 1452 5291 tomto
1473 5238 1555 5292 miste
1575 5241 1671 5294 vllbec

214 5327 400 5392 porouchr'tno.
